3156 5232
774 573 933 633 ..34-

317 701 445 774 Unitas
453 697 654 786 materialis,
663 721 742 792 quae
752 699 964 771 continuitas
974 707 1038 790 est,
1047 701 1220 774 unitatem
1230 700 1387 773 divinam

318 813 568 911 quodammodo
583 813 786 885 imitatur...
803 813 1074 888 immensitatem
1089 817 1167 906 Dei,
1180 815 1386 910 magnitudo

318 933 393 1004 sive
420 927 590 1016 extensio,
616 928 732 1020 longa,
758 927 831 1000 lata
854 936 891 1001 et
913 928 1098 1022 profunda,
1122 930 1160 1000 in
1187 929 1388 1023 corporibus

316 1048 586 1139 repraesentat...
615 1046 683 1114 etc.
705 1076 747 1096 ι-
776 1070 794 1111 «
819 1042 870 1114 Ut
895 1045 999 1115 verbo
1032 1043 1157 1126 dicam,
1189 1042 1387 1132 intellectui

317 1160 437 1232 divino
448 1157 619 1228 naturalis
628 1156 1000 1250 perceptio,voluntati
1012 1157 1188 1251 appetitus
1200 1157 1384 1248 naturalis,

316 1271 580 1366 omnipotentiae
593 1270 743 1342 facultas
756 1271 891 1343 motiva
907 1273 1106 1366 respondet.
1122 1300 1140 1340 »
1162 1272 1257 1361 XVI,
1273 1273 1306 1343 7.

358 1387 487 1476 Tertia,
501 1385 595 1458 Deus
606 1408 744 1481 quoque
758 1393 811 1458 est
823 1386 978 1458 omnium
990 1408 1094 1458 causa
1107 1385 1251 1458 Finalis.
1272 1413 1289 1454 c
1299 1386 1383 1458 Om-

313 1501 374 1573 nia
385 1499 429 1572 ad
446 1501 593 1592 gloriam
604 1500 683 1589 Dei,
695 1523 716 1570 a
729 1523 797 1592 quo
811 1499 1066 1594 profluxerunt,
1078 1507 1277 1593 comparata
1284 1501 1382 1571 sunt.

314 1613 579 1687 Consideremus
607 1614 727 1707 itaque
760 1637 806 1684 an
830 1614 999 1685 mundum
1023 1613 1214 1707 stupidum,
1240 1614 1302 1708 qui
1320 1637 1385 1686 nec

312 1753 414 1802 suum
429 1736 619 1802 creatorem
631 1752 696 1801 nec
710 1728 862 1822 seipsum
883 1735 1063 1822 agnoscat,
1086 1751 1131 1800 an
1154 1728 1326 1816 vividum,
1347 1735 1385 1802 et

311 1867 381 1916 non
396 1851 535 1916 tantum
550 1843 604 1914 sui
619 1842 729 1936 ipsius
744 1843 805 1914 scd
828 1849 864 1914 et
888 1865 962 1913 suae
984 1841 1227 1935 dependentiae
1250 1865 1271 1914 a
1294 1842 1381 1932 Dec,

312 1958 564 2051 perceptivum,
580 1957 797 2050 produxisse,
813 1957 925 2049 magis
939 1957 984 2026 ad
1002 1956 1149 2050 gloriam
1171 1956 1237 2028 Dei
1259 1955 1379 2028 faciat.

311 2073 388 2144 Non
404 2072 490 2144 mihi
503 2071 646 2143 dubium
660 2078 714 2143 est
728 2071 813 2164 quin
828 2063 893 2142 hoc
906 2071 1079 2164 posterius
1089 2071 1276 2164 optabilius
1290 2071 1379 2142 sit...

315 2187 441 2258 Fateor
463 2184 602 2278 quidem
624 2207 748 2256 nomen
775 2183 841 2255 Dei
865 2207 886 2254 a
907 2185 1074 2256 creaturis
1098 2184 1381 2278 intelligentibus

313 2299 530 2394 potissimum
555 2298 752 2370 celebrari:
778 2298 844 2369 hoc
865 2305 983 2370 tamen
1008 2321 1078 2369 non
1102 2297 1271 2392 impedire
1295 2298 1381 2392 qum

308 2422 404 2486 totus
419 2420 556 2484 naturae
575 2413 699 2484 chorus
724 2411 762 2483 in
787 2412 893 2500 idem,
918 2435 988 2482 non
1015 2410 1198 2484 intellectu
1221 2413 1318 2502 licet,
1343 2421 1382 2486 at

309 2527 531 2620 perceptione
548 2527 670 2597 saltem
687 2525 854 2613 naturali,
874 2525 1092 2617 conspiret.»
1110 2524 1205 2614 XVI,
1220 2523 1253 2598 8.

352 2639 509 2712 Aoausis
527 2661 663 2733 quoquc
675 2639 838 2727 internis,
856 2637 1030 2710 materiali
1044 2661 1168 2732 nempe
1184 2646 1220 2711 et
1241 2636 1380 2712 formali

305 2753 445 2848 probari
461 2758 576 2847 potest
589 2753 665 2823 vita
679 2757 830 2823 naturae.

349 2865 543 2940 Materialis
559 2889 663 2938 causa
679 2865 886 2938 substantiae
900 2865 938 2936 in
952 2889 1092 2961 genere,
1108 2867 1174 2939 hoc
1188 2873 1241 2939 est
1254 2867 1379 2939 funda·

304 2981 469 3054 mentalis
483 2977 557 3072 ejus
573 2987 711 3067 natura,
728 2981 796 3073 qut
812 3003 876 3072 per
887 3001 924 3052 se
935 2981 1109 3070 subsistit,
1126 2988 1179 3052 est
1200 2980 1378 3054 sufficiens

303 3097 390 3168 vitae
401 3094 622 3189 principium.
640 3093 826 3187 Spiritibus
841 3093 981 3187 quidem
997 3094 1175 3167 internum
1186 3095 1271 3166 vitae
1284 3094 1378 3190 prin·

305 3211 433 3305 cipium
447 3233 548 3282 nemo
568 3231 638 3280 non
654 3209 747 3280 ultrb
766 3209 916 3301 largitur
922 3231 933 3297 3
961 3210 1084 3281 verum
1106 3211 1149 3282 de
1175 3211 1376 3305 corporibus

305 3325 507 3418 ambigitur.
522 3353 539 3389 «
555 3325 682 3395 Assero
700 3323 915 3395 materialem
928 3323 1136 3396 substantiae
1148 3331 1322 3415 naturam,
1335 3349 1375 3398 eo

304 3439 379 3532 ipso
394 3439 486 3533 quod
503 3439 550 3509 sit
561 3460 623 3531 per
636 3459 685 3527 se,
703 3436 864 3531 quodque
879 3437 995 3509 omnia
1006 3460 1069 3508 sua
1083 3437 1120 3509 in
1133 3460 1170 3511 se
1184 3437 1373 3530 suffulciat,

304 3575 379 3624 esse
389 3574 525 3648 quoque
535 3550 711 3623 sufficiens
720 3549 806 3622 vitae
817 3549 1026 3645 principium
1039 3574 1047 3622 :
1061 3550 1162 3636 Quod
1176 3554 1226 3624 sic
1236 3553 1371 3626 evinco.

303 3668 486 3740 Internum
515 3669 630 3738 motus
656 3673 770 3738 estet
798 3667 884 3738 vitae
918 3666 1160 3760 principium:
1187 3675 1225 3739 at
1246 3676 1373 3742 natura

304 3780 512 3854 substantiae
528 3779 720 3852 materialis
736 3787 790 3852 est
803 3779 982 3852 internum
1006 3783 1122 3851 motus
1143 3781 1371 3875 principium3

304 3904 341 3968 et
354 3902 604 3991 consequenter
616 3901 670 3968 est
684 3916 821 3988 quoque
835 3893 1011 3965 sufficiens
1022 3894 1108 3964 vitae
1117 3893 1338 3987 principium.
1352 3923 1369 3960 a

303 4009 416 4099 XVII,
435 4012 466 4081 l.

347 4122 458 4215 Major
470 4130 545 4194 turn
560 4124 781 4210 auctoritate,
800 4129 876 4193 tum
891 4120 1026 4192 ratione
1040 4123 1217 4214 probatur.

345 4236 499 4310 Primum
514 4237 604 4311 enim
621 4235 812 4309 communis
822 4233 1167 4328 estphilosophornm
1180 4237 1367 4323 sententio,
