3156 5232
589 688 627 701 ..
648 651 687 716 55
707 689 747 701 -

185 816 200 851 e
217 771 358 856 ¹Formae
387 805 529 876 corpora
555 779 770 876 specificent,
801 786 838 852 et
866 777 910 848 ab
936 775 1098 850 omnibus
1126 773 1206 848 aliis

134 905 240 992 primo
256 899 492 992 distinguunt.
510 896 744 989 Proprietates
761 917 898 990 quoque
923 893 1054 987 species
1081 891 1206 964 distin-

138 1020 260 1107 guunt,
277 1011 337 1085 sed
362 1035 431 1083 uon
447 1016 558 1102 primo
583 1025 612 1081 ec
634 1014 842 1082 radicaliter.
863 1038 879 1076 a
899 1037 915 1074 «
940 1009 990 1081 Ut
1010 1003 1204 1100 subjectum

137 1125 290 1220 possidet
304 1148 405 1197 suum
420 1123 591 1213 accidens,
609 1123 660 1195 ita
677 1122 824 1194 materia
843 1120 996 1214 possidet
1017 1143 1115 1192 suam
1134 1119 1219 1210 for-1

48 1255 50 1259 ’
139 1263 241 1328 mam,
258 1246 294 1311 et
315 1245 391 1309 tota
415 1239 568 1331 dignitas
591 1237 713 1308 formae
736 1237 773 1308 in
792 1235 973 1307 materiam
989 1239 1077 1326 (eam
1102 1257 1147 1306 ne
1169 1233 1207 1304 in

138 1352 286 1423 nihilum
311 1358 392 1423 ruat
416 1351 684 1443 suffulcientem)
709 1348 961 1446 quodammodo
983 1349 1205 1422 transfertur.

140 1465 366 1558 Operationes
381 1489 517 1561 quoque
532 1467 654 1538 formae
672 1467 883 1561 (quanquam
903 1486 972 1536 uon
995 1461 1207 1553 immediate)

139 1579 295 1650 materiae
314 1579 438 1650 ultimo
450 1572 632 1652 debentur.
654 1609 671 1646 »
690 1578 753 1670 ΙΧ,
767 1579 801 1668 7,
818 1577 851 1650 8.

148 1699 152 1706 ’
184 1702 384 1774 Formarum
408 1711 526 1776 autem
548 1728 662 1777 causae
685 1704 895 1799 quaesunt?
917 1724 997 1797 quae
1021 1699 1212 1774 materialis

142 1839 257 1907 causa,
272 1841 351 1912 quae
366 1815 545 1890 efficiens?
563 1861 606 1873 -
632 1848 648 1885 ι(
666 1817 859 1890 Materialis
882 1839 986 1888 causa
1008 1814 1131 1886 formae
1159 1821 1214 1886 est

141 1931 286 2002 materia
300 1932 344 2003 ab
361 1931 536 2004 efficiente
550 1935 706 2021 subacta,
723 1932 788 2004 hoc
798 1938 851 2003 est
860 1931 1004 2027 praeviis
1015 1927 1212 2024 dispositio·

141 2045 242 2114 nibus
257 2067 320 2116 seu
333 2043 576 2116 affectionibus
590 2045 714 2116 ultimo
731 2051 968 2139 praeparata...
982 2042 1131 2114 Materia
1143 2064 1213 2113 non

140 2165 280 2229 tantum
293 2158 431 2251 passive
445 2159 505 2231 sed
520 2166 557 2230 et
570 2159 684 2231 active
701 2159 747 2230 ad
760 2159 883 2230 formae
897 2159 1118 2230 eductionem
1130 2178 1212 2228 con-

142 2271 263 2344 currit.
281 2273 420 2344 Etenim
435 2273 473 2345 in
482 2274 607 2346 ultimo
618 2280 700 2345 actu
714 2272 982 2367 praeparationis
997 2271 1213 2342 non‘tantum

142 2396 223 2481 apta
248 2395 302 2459 est
326 2385 472 2459 formam
488 2387 587 2482 quasi
612 2390 655 2460 ab
680 2396 781 2460 extra
800 2389 999 2460 venientem
1026 2385 1212 2480 suscipere,

144 2501 385 2602 verumetiam
402 2527 478 2575 eam
490 2505 583 2574 ultro
600 2504 740 2576 abintus
756 2527 775 2575 e
797 2527 859 2575 suo
883 2525 976 2598 penu
997 2508 1034 2574 et
1057 2497 1215 2595 potentia

141 2617 300 2688 educere.
325 2645 342 2683 a
358 2617 404 2704 X,
434 2618 465 2688 l.
496 2647 513 2683 «
541 2618 689 2690 Praeviee
713 2625 830 2690 autem
854 2616 1116 2712 dispositiones,
1135 2617 1214 2686 abs·

143 2753 210 2824 que
234 2731 371 2802 actibus
394 2731 620 2825 percipiendi,
658 2732 858 2827 appetendi,
888 2738 924 2804 et
954 2728 1118 2803 eliciendi
1142 2727 1211 2800 for·

119 2868 247 2934 mam,
283 2845 515 2936 intermediis,
554 2845 629 2937 ejus
654 2846 916 2942 productionem
948 2844 1122 2939 attingere
1153 2867 1214 2914 ne-

144 2965 289 3052 queunt.
322 2958 473 3053 Ideoque
502 2960 628 3030 ultima
671 2961 859 3032 causalitas
886 2959 1044 3032 materiae
1073 2957 1218 3029 vitalem

144 3074 247 3166 hujus
277 3096 495 3164 concursum,
533 3081 705 3168 quatenus
737 3083 791 3147 est
830 3074 1028 3147 substantia
1065 3071 1149 3144 viva
1183 3079 1219 3142 et

145 3185 199 3258 sui
212 3186 417 3280 perfectiva,
435 3187 599 3259 involvit.
621 3218 637 3254 s
657 3187 702 3277 X,
727 3186 760 3258 3.
778 3185 854 3258 Hoc
870 3187 981 3280 igitur
1001 3187 1102 3259 modo
1126 3207 1217 3280 prae·

146 3301 214 3370 viae
229 3301 472 3395 dispositiones
485 3301 523 3374 in
535 3302 717 3374 materiam
733 3309 866 3396 agunt:
887 3330 904 3368 u
917 3301 992 3394 ejus
1008 3309 1079 3374 tres
1091 3300 1219 3396 primas

146 3415 342 3505 inculcatae,
372 3415 621 3510 perceptivam‚
651 3415 880 3510 appetitivam
906 3423 942 3489 et
967 3416 1150 3502 motivam,
1174 3412 1219 3484 ad

148 3528 373 3601 deserendam
392 3527 538 3602 formam
551 3537 705 3602 veterem
724 3553 785 3601 seu
802 3536 1022 3624 praesentem,
1042 3537 1078 3602 et
1095 3531 1140 3600 ad
1155 3549 1218 3600 no-

148 3665 228 3713 vam
242 3643 462 3715 ambiendam
477 3643 647 3734 excitant,
662 3643 848 3739 simulque,
866 3651 1036 3739 quantum
1059 3651 1219 3738 possunt,

148 3757 245 3828 illam
261 3757 432 3848 demoliri,
455 3758 545 3830 hanc
565 3758 789 3848 substituere,
813 3766 1004 3852 satagunt:
1034 3758 1073 3828 in
1095 3755 1221 3828 ultimo

150 3880 266 3942 autem
282 3873 546 3966 praeparationis
561 3873 748 3945 actuillam
764 3881 981 3966 expugnant,
994 3879 1030 3945 et
1039 3869 1220 3974 materiam

150 3985 193 4056 ad
207 3987 297 4058 hano
311 3985 526 4059 educendam
541 3987 786 4060 determinant.
802 3987 993 4060 Continent
1003 3986 1097 4060 enim
1107 3985 1232 4068 ideam,

149 4100 271 4173 formae
285 4101 577 4197 educendae,quae
592 4101 752 4174 facultati
766 4102 976 4196 perceptivae
990 4101 1148 4202 materiae
1163 4100 1229 4196 ob·¹

146 4212 279 4306 jioitur,
296 4225 332 4288 et
350 4217 611 4312 perfectionem,
631 4216 928 4311 pulchritudinem
945 4224 1051 4312 atque
1068 4237 1220 4310 congru·

152 4331 281 4403 entiam
294 4333 416 4404 formae
430 4333 557 4404 oblatae
579 4356 657 4403 cum
675 4332 833 4422 materia,
851 4339 1022 4428 quatenus
1039 4330 1089 4404 sio
1110 4331 1223 4424 dispo·

241 4479 324 4519 unum
343 4480 453 4521 usuros.
1064 4465 1081 4523 5
