3196 5228
800 584 960 645 ..4ss-

243 802 246 810 1
346 711 476 784 stantia
503 713 547 785 ab
576 709 810 805 inadacquatis
847 707 1000 802 ejusdcm
1037 709 1260 804 conceptibus
1291 710 1410 782 sedulo
1448 815 1449 818 Ἴ

344 826 601 922 distinguenda.
631 827 709 899 Duo
737 849 819 899 vcro
849 832 933 899 sunt
956 824 1172 920 inadaequati
1204 826 1410 897 substantiae

343 949 541 1037 conceptus,
571 941 703 1014 scilicet
728 969 746 1008 a
772 948 899 1015 natura
929 939 1004 1032 ejus
1033 939 1321 1029 fundamentalis,
1349 961 1410 1011 sen

218 1146 223 1157 Ι
343 1057 537 1131 essentialis
567 1055 805 1147 subsistentia,
820 1085 837 1125 s
856 1063 893 1128 et
906 1075 929 1121 ¹«
947 1062 1073 1127 natura
1095 1052 1248 1145 ejusdem
1268 1077 1410 1147 energe-

344 1170 428 1244 tica.
454 1200 471 1236 n
497 1170 613 1257 Quare
639 1170 682 1243 de
706 1165 854 1265 utroq'ue
884 1169 1004 1241 ordine
1031 1167 1216 1262 agendum.
1245 1208 1287 1220 -·-
1313 1167 1411 1238 Prior

344 1286 498 1380 quinque
513 1285 635 1380 primis
651 1286 824 1380 capitibus
838 1284 1059 1377 explanatur.

859 1595 897 1658 A

387 1866 463 1940 Etsi
486 1867 525 1940 in
552 1866 606 1938 bis
630 1867 824 1961 praesertim
852 1866 1037 1960 capitibus,
1063 1890 1142 1962 quae
1168 1865 1282 1962 operis
1310 1864 1408 1962 quasi

342 1980 554 2052 vestibulum
581 1986 675 2070 sunt,
701 1980 779 2073 plus
805 1979 913 2050 nimio
944 1980 1048 2052 sudat
1072 1986 1201 2067 noster,
1226 1987 1266 2051 ut
1289 2003 1415 2064 omnes

341 2094 588 2188 ambiguitates
607 2095 651 2165 ad
665 2094 832 2165 terminos
849 2095 923 2166 sive
935 2117 1145 2187 synonymus
1161 2095 1235 2167 sive
1250 2100 1409 2188 cognatae

342 2207 608 2304 significationis
632 2213 829 2302 spectantes
851 2210 989 2298 enodet,
1004 2208 1190 2302 variasque
1210 2208 1254 2280 de
1270 2231 1407 2304 quaque

342 2347 380 2396 re
403 2321 606 2414 sententias,
632 2347 652 2394 a
675 2323 865 2411 veteribus,
892 2345 912 2392 a
934 2321 1026 2393 Divo
1052 2321 1233 2413 Thomas
1257 2323 1410 2406 Scoto,a

343 2435 465 2509 Suario
486 2437 679 2531 propositas
705 2435 885 2522 eventilet,
907 2434 1018 2530 ipsius
1042 2441 1159 2507 tamen
1183 2436 1406 2527 sententiam,

343 2558 515 2645 quatenus
537 2551 581 2621 ad
602 2548 701 2621 idda
723 2572 790 2643 quo
813 2545 954 2620 solliciti
977 2571 1095 2620 sumus
1110 2546 1244 2642 aliquid
1259 2547 1404 2639 confert,

341 2664 465 2736 elicere
478 2669 514 2734 et
525 2662 563 2733 in
576 2663 682 2734 breve
696 2660 900 2733 contrahere
914 2660 1008 2730 haud
1020 2660 1072 2731 ita
1087 2657 1229 2732 difficile
1243 2667 1308 2733 est.

383 2775 585 2849 Substantia
608 2781 735 2858 creata,
757 2773 796 2846 in
814 2797 952 2870 genere,
969 2773 1128 2869 quamvis
1150 2775 1267 2868 plures
1289 2773 1406 2847 diver·

339 2914 394 2964 sas
413 2889 572 2962 notiones
586 2888 624 2960 in
639 2911 675 2960 se
690 2888 862 2980 involvat,
884 2887 1060 2982 possitque
1079 2887 1117 2959 in
1137 2889 1253 2962 varios
1273 2889 1404 2961 inadae·

340 3013 463 3102 quatcs
496 3012 682 3099 conceptus
707 3003 807 3098 quasi
833 3003 980 3094 resolvi,
1003 3011 1123 3075 tamen
1151 3031 1168 3072 a
1192 3005 1296 3077 unica
1319 3007 1405 3077 reali

340 3119 588 3214 compositione
609 3147 626 3184 a
651 3118 887 3206 constituitur,
907 3116 1087 3208 scilicet«
1108 3141 1153 3190 ex
1177 3119 1404 3192 subsistentia

341 3241 378 3306 et
399 3240 558 3305 natura»
577 3239 725 3304 constat.
747 3273 789 3284 —
811 3232 1043 3304 Subsistontia
1065 3241 1159 3306 recte
1177 3234 1409 3330 distinguitur

339 3345 378 3419 in
406 3347 704 3418 fundamentalem
730 3350 823 3441 (quae
847 3374 864 3412 a
891 3353 1036 3418 vocatur
1061 3347 1167 3418 etiam
1198 3348 1405 3433 essentialis,

339 3461 542 3550 intrinseca,
558 3460 742 3550 naturalis,
759 3461 933 3546 radicalis,
951 3461 1131 3556 originalis
1136 3479 1147 3554 3
1163 3487 1229 3539 nec
1242 3489 1313 3538 non
1330 3489 1408 3561 per-

340 3578 446 3650 scitus
463 3585 499 3650 et
516 3576 646 3649 entitas
660 3599 722 3670 per
738 3599 786 3667 aa,
804 3578 1082 3652 substantialitas
1091 3604 1101 3670 3
1124 3580 1208 3654 item
1224 3579 1408 3654 fulcimen·

339 3697 415 3763 tum
430 3696 467 3762 et
479 3689 629 3761 fulcrum
649 3689 878 3761 substantiale
892 3694 924 3780 a)
941 3696 977 3762 at
990 3693 1174 3783 modulam,
1197 3715 1259 3766 seu
1280 3694 1410 3768 advena

339 3803 467 3892 titiam,
491 3825 570 3899 quae
591 3831 608 3873 c
627 3802 725 3874 addit
748 3803 938 3876 terminum
964 3805 1194 3881 concretionis
1208 3816 1245 3881 et
1259 3809 1409 3904 comple·

338 3919 461 4009 menti,
487 3919 653 3991 nimirum
681 3921 821 3991 modum
845 3921 962 3991 standi
990 3919 1149 4013 divisim,
1165 3914 1249 3996 'sive
1275 3930 1409 3999 statum

339 4033 503 4121 divisum,
523 4033 561 4103 in
578 4055 615 4104 se
635 4040 671 4104 et
691 4055 752 4126 per
773 4056 810 4105 se
831 4035 974 4106 seorsim
1000 4038 1220 4130 completum.
1237 4067 1254 4106 a
1274 4039 1407 4111 Defini-

278 4197 280 4202 ,
338 4154 397 4218 tur
409 4149 503 4241 prior
518 4147 756 4238 (subsistentia
772 4170 896 4242 nempe
909 4149 1192 4244 fundamentalis)
1212 4177 1229 4221 a
1251 4144 1407 4225 litttmrao

339 4281 400 4336 seu
427 4267 579 4335 intimum
601 4266 805 4354 principium
832 4269 898 4334 stae
928 4271 1152 4339 rostratarum
1178 4275 1404 4358 substantiola,
