3156 5232
762 660 941 722 -lla-

321 789 391 856 tur.
409 785 475 858 Sed
492 785 530 856 in
547 785 730 877 divisione,
755 789 892 882 quando
915 809 1032 860 omnes
1053 793 1169 880 partes
1186 793 1267 858 actu
1288 785 1382 858 exis-

321 906 414 991 tunt,
432 900 521 997 nihil
538 903 618 974 addi
642 911 755 998 potest
768 904 859 998 quod
880 904 918 975 in
940 902 1083 976 dividuo
1097 927 1167 974 non
1190 902 1286 997 prius
1301 908 1382 974 actu

323 1015 608 1089 continebatur...
625 1047 640 1082 n
655 1018 801 1109 XXXII,
815 1021 868 1092 1⁶2.

372 1158 388 1195 «
404 1130 477 1202 Alii
488 1131 597 1223 igitur
609 1133 743 1222 dicunt,
757 1132 960 1206 continuum
977 1155 1046 1203 non
1063 1155 1137 1204 esse
1151 1131 1333 1204 dividuum
1344 1130 1381 1201 in

322 1243 477 1318 infinitas
487 1253 616 1338 partes,
631 1247 691 1318 sed
709 1248 819 1320 solum
833 1248 870 1319 in
884 1246 1127 1320 indefinitas...
1149 1245 1215 1322 Sed
1236 1245 1384 1318 recurrit
1470 1275 1474 1284 ·

323 1358 519 1448 difficultas,
536 1360 619 1453 quia
631 1369 747 1454 partes
762 1361 918 1433 continui
931 1363 1025 1433 intra
1035 1361 1201 1434 terminos
1218 1359 1384 1432 claudun.

320 1479 391 1560 tur,
422 1495 486 1544 nec
513 1497 557 1546 ex
584 1473 767 1548 indefinita
792 1475 940 1548 entitate
963 1482 1164 1548 constant...
1191 1473 1306 1560 Dices,
1329 1479 1384 1546 tot

320 1593 437 1680 partes
449 1588 486 1658 in
509 1589 673 1662 continuo
692 1590 863 1663 contineri
889 1597 973 1684 quot
997 1590 1093 1662 nullo
1118 1611 1261 1661 numero
1281 1587 1381 1660 finito

321 1702 564 1794 comprehendi
589 1712 735 1796 queant3
761 1704 843 1792 imo,
871 1705 901 1776 si
926 1705 1044 1799 plures
1072 1726 1183 1798 usquc
1210 1710 1246 1774 et
1271 1723 1382 1796 usque

321 1815 506 1905 addideris,
522 1839 702 1912 nunquam
711 1843 893 1890 numerum
902 1819 1054 1913 partium
1064 1819 1101 1890 in
1110 1817 1275 1890 continuo
1293 1815 1384 1888 exis-

320 1930 472 2002 tentium
488 1932 723 2026 aequaveris...
732 1933 861 2006 Verum
875 1933 952 2027 quis
961 1955 1089 2025 negare
1101 1939 1217 2026 potest
1225 1930 1383 2002 intellec-

320 2051 397 2115 tum
411 2044 578 2116 Divinum
594 2069 715 2140 capere
728 2069 826 2140 posse
839 2048 1016 2138 integrum
1030 2068 1212 2117 numerum
1228 2043 1381 2137 particu-

321 2157 433 2229 larum
447 2157 484 2230 in
502 2160 692 2230 continuo?
705 2161 752 2232 Et
769 2161 819 2233 sic
833 2184 902 2232 non
915 2167 997 2232 sunt
1008 2159 1384 2254 simpliciterinnumc·
1427 2157 1429 2160 ’

321 2275 458 2346 rabiles.
476 2273 661 2368 Cognoscit
673 2277 766 2348 enim
781 2277 875 2350 Deus
891 2277 976 2372 quid
989 2279 1026 2348 in
1040 2276 1195 2370 qualibet
1217 2299 1256 2348 re
1274 2273 1383 2346 conti-

322 2396 435 2480 netur,
447 2397 483 2462 et
497 2399 582 2484 quot
589 2392 778 2486 particulas
792 2392 954 2465 minimas
966 2392 1083 2464 habet.
1099 2375 1201 2463 Forte
1216 2413 1285 2462 non
1296 2411 1382 2482 opus

320 2503 427 2576 fuerit
453 2506 569 2599 plures
596 2506 817 2579 difficultates
841 2515 1009 2592 attexere,
1032 2529 1110 2592 cum
1131 2527 1249 2576 omnes
1273 2525 1379 2596 prope

319 2617 432 2691 fluant
445 2643 466 2690 a
480 2628 579 2692 vasta
594 2629 629 2693 et
641 2644 711 2692 non
720 2621 938 2694 concilianda
950 2620 1220 2715 improportione
1235 2618 1379 2690 ultima·

319 2756 395 2804 rum
409 2734 583 2805 rationum
599 2736 756 2807 continui
771 2743 806 2808 et
820 2735 972 2808 discreti.
992 2761 1010 2802 v
1024 2734 1170 2820 XXXII,
1190 2735 1242 2806 13.

364 2846 457 2933 Quid
478 2848 589 2941 igitur
604 2848 647 2919 de
664 2849 730 2921 hac
746 2871 784 2920 re
801 2849 1049 2924 statuendum?
1071 2849 1225 2920 Primum
1247 2850 1290 2920 de
1312 2869 1380 2942 quo

320 2963 576 3056 compositionis
597 2985 722 3056 genere
737 2970 861 3057 agatur
878 2986 922 3036 ne
942 2962 1096 3056 ambigui
1116 2962 1234 3052 simne,
1254 2963 1380 3032 adver·

318 3081 463 3152 tendum
484 3087 537 3150 est
552 3107 569 3146 o
586 3079 644 3151 hic
662 3102 732 3150 non
752 3079 883 3173 inquiri
897 3079 939 3150 de
951 3077 1131 3172 principiis
1152 3085 1287 3149 naturae
1307 3099 1381 3148 cor·

319 3197 453 3288 porum,
473 3194 533 3266 sed
554 3193 597 3264 de
612 3192 791 3287 principiis
810 3215 870 3264 seu
884 3193 1042 3286 partibus
1058 3191 1315 3284 integrantibus
1336 3213 1381 3262 ex

319 3309 445 3404 quibus
469 3316 582 3380 totum
607 3308 812 3380 continuum
835 3307 1073 3378 concinnatur.
1094 3304 1261 3399 »Corpus
1287 3303 1381 3376 enim

318 3425 424 3495 variis
448 3423 559 3494 modis
581 3423 738 3516 componi
761 3420 907 3510 dicitur;
930 3420 987 3491 vel
1004 3441 1048 3490 ex
1064 3417 1243 3512 principiis
1264 3437 1380 3488 essen-

318 3537 472 3625 ticlibus,
501 3535 647 3607 materia
674 3542 710 3606 et
734 3533 857 3624 forma,
883 3534 1009 3606 velex
1037 3531 1229 3621 elementis,
1254 3531 1311 3602 vel
1336 3552 1381 3602 ex

317 3651 473 3743 partibus
510 3648 779 3742 integrantibus.
808 3648 992 3741 Perpercm
1022 3653 1137 3716 autern
1167 3642 1382 3717 celeberrimi

319 3763 459 3856 quidam
483 3762 690 3855 philosophi,
709 3784 816 3855 quum
836 3760 995 3832 ultimam
1015 3781 1195 3852 corporum
1211 3756 1380 3850 composi-

319 3878 449 3947 tionem
465 3899 509 3946 ex
527 3876 680 3947 minimis
696 3873 901 3970 quibusdam
915 3873 1096 3965 particulis
1109 3871 1378 3964 integrantibus,

229 4035 231 4038 -
319 4011 442 4082 nempe
467 3990 602 4079 atomis,
631 3987 788 4061 constare
813 3993 1017 4075 assererent,
1041 3985 1136 4057 hisce
1157 3984 1281 4056 atomis
1302 3981 1380 4052 uni·

318 4123 453 4175 versam
466 4127 583 4176 rerum
604 4108 765 4174 naturam
781 4108 985 4194 naturaeque
999 4099 1210 4170 variationes
1225 4095 1379 4188 adscrip-

319 4226 449 4288 serunt.
482 4217 634 4306 Etenim,
661 4214 799 4289 etiamsi
819 4214 863 4286 iis
885 4214 1093 4286 concedatur
1118 4211 1193 4284 dari
1218 4210 1380 4283 minimas

319 4333 518 4423 particulas
540 4355 602 4404 seu
625 4330 769 4402 minima
793 4327 978 4417 naturalia,
1004 4351 1082 4422 quae
1105 4329 1148 4399 ob
1171 4325 1380 4421 parvitatem
