3196 5228
789 639 829 650 ..
849 604 888 666 ιο
909 639 948 650 ..

334 739 394 804 tur
408 737 434 804 ¹.
450 757 467 798 ιι
485 771 528 786 -
547 733 747 821 «Secundo,
761 732 936 826 perceptio
960 732 1143 816 naturalis,
1160 735 1265 804 etiam
1289 732 1402 826 quoad

333 846 475 918 modum
503 847 730 940 percipiendi,
763 847 896 942 aliquid
914 847 1202 940 imperfectionis
1231 832 1400 941 implicat.

332 959 543 1054 Simpliciter
558 961 651 1032 enim
670 963 831 1056 percipit,
847 968 884 1034 et
898 961 1068 1056 quidquid
1092 963 1129 1034 in
1146 985 1183 1034 se
1199 968 1265 1052 est,
1281 963 1402 1034 autad

334 1097 370 1148 se
396 1081 544 1168 spectat,
563 1080 625 1145 aut
646 1098 667 1146 a
692 1098 729 1146 se
750 1077 919 1148 resultare
941 1084 1060 1169 aptum
1075 1083 1139 1164 est,
1156 1077 1236 1147 solo
1252 1075 1401 1170 simplici

333 1193 388 1262 sui
403 1193 513 1285 ipsius
528 1190 663 1264 intuitu
678 1192 866 1286 cognoscit.
889 1192 1026 1265 Nedum
1040 1193 1296 1288 perceptionem
1313 1193 1403 1264 hanc

334 1307 527 1400 simplicem
549 1308 595 1377 ad
618 1310 843 1402 compositam
871 1332 932 1382 seu
958 1308 1170 1402 duplicatam
1192 1309 1398 1398 reducendo,

333 1418 507 1512 objectum
532 1444 634 1494 suum
669 1421 839 1514 dijudicat
849 1479 860 1514 ,
892 1431 955 1494 aut
985 1447 1063 1496 cum
1091 1425 1273 1518 voluptate
1303 1445 1400 1495 reco-

332 1535 470 1628 gnoscit
484 1537 512 1606 ².
530 1563 547 1602 »
564 1536 752 1620 -Tertio,
777 1538 852 1609 loco
874 1538 1048 1632 perceptio
1074 1537 1246 1610 naturalis
1274 1537 1403 1608 «nullo

332 1651 433 1723 modo
464 1657 580 1743 potest
615 1651 788 1723 actionem
818 1676 916 1724 suam
944 1655 1164 1747 suspendere,
1195 1660 1258 1725 aut
1285 1676 1322 1726 ss
1359 1655 1402 1724 ab

334 1761 468 1855 objecto
484 1765 600 1836 oblato
616 1773 773 1839 avertere
782 1790 793 1856 ;
809 1796 825 1836 ι)
854 1768 914 1839 sed
935 1774 1101 1861 perpetuo
1118 1767 1162 1838 ad
1178 1767 1403 1840 excitandum

332 1878 529 1972 appetitum
545 1881 740 1952 naturalem
755 1889 791 1954 et
807 1881 1011 1954 facultatem
1028 1883 1195 1954 motivam
1211 1888 1308 1955 recta
1330 1905 1405 1975 per·

336 1991 400 2087 git.
429 1993 523 2064 Dum
547 2015 669 2067 sensus
693 2003 813 2068 contra
834 2024 851 2062 «
875 1999 919 2070 ab
943 1997 1078 2088 objecto
1101 1998 1147 2068 cd
1175 1997 1348 2089 objectum
1368 2021 1404 2070 se

333 2109 508 2181 divertere
533 2117 649 2203 potest
675 2117 711 2182 et
734 2114 906 2184 varietate
931 2135 1050 2185 eorum
1073 2135 1109 2184 se
1126 2115 1340 2186 oblectare.»
1361 2151 1404 2166 -

334 2251 351 2292 (ι
369 2225 501 2310 Quarto
516 2225 604 2314 loce,
628 2226 803 2318 perceptio
820 2226 991 2297 naturalis
1008 2229 1071 2298 sub
1086 2229 1184 2300 nulla
1200 2219 1402 2300 indifferenss

332 2339 383 2410 tia
393 2339 542 2411 electiva
555 2337 730 2430 objectum
743 2341 914 2434 appetitui
929 2348 1158 2434 repraesentat
1169 2343 1195 2412 ³.
1209 2341 1302 2412 Hinc
1315 2341 1402 2412 dici-

332 2460 527 2525 turnatura
535 2455 761 2526 determinari
770 2455 814 2526 ad
824 2442 932 2526 unum
944 2463 979 2526 et
989 2456 1181 2529 necessario
1190 2479 1292 2550 agere
1307 2480 1316 2528 :
1334 2479 1404 2528 non

333 2570 426 2664 quod
443 2576 600 2662 cogatur,
625 2569 686 2642 sed
708 2571 800 2663 quod
822 2577 944 2664 sponte
968 2573 1153 2664 (quatenus
1179 2572 1329 2643 sumitur
1341 2595 1413 2665 pro.

334 2705 403 2753 non
423 2683 552 2774 invite)
576 2690 613 2755 et
636 2685 741 2755 simul
760 2685 953 2758 necessario
973 2692 1145 2779 operetur.
1170 2686 1298 2758 Sensus
1321 2709 1404 2760 vero

333 2797 539 2892 perfectiore
560 2798 661 2869 modo
677 2799 863 2890 objectum,
882 2807 918 2872 et
942 2801 1006 2871 sub
1026 2800 1144 2894 aliqua
1168 2800 1406 2874 indifferentia

334 2912 508 3006 appetitui
530 2912 660 2985 referre
693 2914 792 2985 solet.
823 2915 916 2986 Hinc
943 2915 1047 2986 bruta
1068 2915 1234 2986 animalia
1257 2913 1406 3008 alicujus

335 3027 532 3121 disciplinae
550 3034 587 3100 et
607 3052 721 3121 poenae
734 3029 939 3123 praemiique
958 3029 1098 3122 capacia
1122 3051 1196 3102 esse
1216 3032 1404 3104 observan-

334 3149 393 3214 tur
404 3146 437 3232 4;
451 3165 506 3212 res
518 3165 601 3214 vero
612 3141 692 3235 jure
707 3144 884 3214 naturales
899 3145 944 3214 ad
954 3143 1029 3214 haec
1043 3145 1146 3236 plane
1155 3145 1329 3217 inhabiles
1343 3145 1404 3218 de·

336 3255 612 3350 prehenduntur.
625 3283 641 3322 n
663 3297 705 3310 -
719 3259 825 3330 Recte
838 3257 958 3350 itaque
971 3257 1124 3351 Scaliger
1137 3265 1274 3330 naturae
1289 3260 1404 3331 virtu·

335 3379 408 3443 tem
421 3362 424 3370 ⁴
437 3370 641 3454 admiratur,
668 3393 776 3465 quum
800 3371 940 3465 respicit
960 3372 1005 3442 ad
1037 3379 1273 3443 «accuratam
1302 3393 1406 3465 quam

368 3569 376 3602 ⁴
395 3569 480 3621 Leibu.
494 3569 581 3620 Princ.
595 3571 625 3620 de
636 3571 663 3624 la
673 3577 728 3622 act.
739 3578 761 3622 et
773 3573 803 3624 de
816 3571 841 3622 iu
850 3572 934 3635 gedec,
949 3573 987 3635 13,
1000 3585 1014 3622 u
1026 3571 1049 3622 le
1059 3571 1157 3638 present
1171 3575 1209 3624 est
1220 3584 1279 3638 gros
1290 3571 1320 3622 de
1332 3571 1406 3624 l'aue·

335 3651 384 3702 nir.
397 3665 413 3702 ι
424 3651 483 3702 tert.
500 3651 698 3714 chapicourt.
710 3652 805 3718 Enim,
819 3666 843 3716 p.
859 3653 922 3705 746:
935 3667 949 3702 ιι
960 3652 994 3703 La
1006 3651 1108 3702 monade
1120 3650 1252 3716 enueloppe
1264 3665 1307 3716 par
1317 3665 1407 3702 aranea

335 3747 366 3784 en
381 3732 427 3784 elle
439 3746 478 3784 ses
491 3733 554 3784 ctam
566 3733 677 3784 lutum...
694 3747 709 3785 u
724 3736 805 3785 lettre
818 3731 972 3784 dituculo.
987 3733 1082 3794 Eadm,
1095 3746 1121 3798 p.
1134 3731 1187 3784 101.
1201 3746 1216 3782 ιι
1229 3731 1326 3797 Chaone
1340 3733 1408 3784 subs·

335 3819 405 3864 tanco
423 3815 529 3864 contient
549 3813 609 3864 dans
628 3828 655 3865 sa
673 3821 759 3866 nature
774 3815 849 3878 legem
868 3813 1074 3864 continuationis
1092 3813 1169 3864 seriei
1186 3827 1296 3864 suarum
1314 3827 1409 3880 operc-

336 3897 442 3958 tionum,
458 3901 483 3946 et
495 3900 548 3946 tout
558 3896 681 3960 ce·quilui
691 3901 727 3946 est
736 3897 817 3947 arrisi
830 3901 854 3945 et
868 3895 986 3946 arrireru.
998 3910 1023 3947 u.

368 3973 380 4009 ²
398 3974 436 4026 Cf.
449 3975 588 4036 Moucdol„
607 3975 645 4027 11.
665 3989 680 4026 (ι
691 3976 738 4027 Les
754 3975 890 4026 Gsrttsiens
901 3982 944 4026 ont
961 3977 1010 4026 tort
1024 3976 1135 4040 manqut,
1154 3981 1228 4040 ayant
1241 3976 1335 4040 compti
1348 3989 1410 4042 pour

332 4055 387 4105 rien
402 4053 437 4106 les
454 4057 607 4120 perceptione
626 4056 685 4108 dont
703 4070 735 4108 cn
756 4071 786 4108 ne
805 4055 932 4118 s’apereoit
950 4069 1003 4120 pes.
1015 4071 1029 4107 u
1042 4083 1073 4094 -
1086 4059 1138 4106 Sur
1150 4057 1171 4107 ic
1184 4057 1344 4122 principato
1358 4058 1407 4111 oie.

335 4135 429 4197 Enim,
444 4151 467 4202 p.
478 4137 534 4196 431,
545 4138 591 4188 eol.
606 4139 628 4189 1.
641 4165 672 4174 -
682 4139 769 4204 Epist.
784 4137 818 4188 od
834 4137 947 4201 Wopner,
958 4151 999 4187 ιιι.
1015 4137 1110 4198 Eadm,
1122 4150 1143 4200 p.
1158 4137 1214 4199 roc,
1227 4139 1272 4190 ool.
1288 4139 1308 4189 1.

311 4230 313 4234 ’
368 4216 380 4253 ⁸
397 4217 436 4268 Gl.
449 4218 535 4269 Leitn.
550 4219 653 4279 ruico„
667 4225 732 4283 part.
746 4233 785 4282 ιιι,
797 4233 882 4283 parag.
894 4218 949 4269 301.
966 4245 968 4251 v

368 4299 379 4333 ⁴
396 4299 434 4350 Cl.
448 4299 587 4362 donodol„
602 4300 662 4356 1116.
676 4327 707 4338 -
718 4300 808 4350 iliud.
825 4300 890 4350 Dirc.
901 4299 1041 4363 pritanum,
1056 4301 1120 4361 265.
