3156 5232
790 554 969 615 -los-

351 688 519 776 occupant
539 689 658 752 mutuo
684 682 873 774 repellunt3
901 700 1038 774 quaque
1061 678 1210 764 sublato,
1236 698 1272 749 se
1291 684 1413 748 mutuo

350 795 515 866 facillime
529 801 714 889 penetrant
728 793 814 866 etin
833 797 953 866 eodem
967 790 1078 885 spatio
1093 791 1307 862 uniuntur...
1320 789 1414 875 Quid

350 911 496 1004 impedit
521 932 565 980 ne
595 908 790 980 substantia
814 906 1005 980 materialis
1033 905 1137 978 aliam
1168 905 1413 992 substantiam,
1551 973 1552 1002 ,

350 1031 485 1096 mutata
507 1022 716 1116 quantitate,
746 1045 906 1116 novaque
929 1020 1033 1092 simul
1059 1025 1235 1113 assumpta
1256 1015 1415 1110 utrisque

350 1135 535 1222 communi,
550 1137 774 1229 penetretl...
792 1133 1049 1230 Experimentis
1065 1133 1159 1206 enim
1173 1134 1342 1226 probatur
1352 1127 1414 1224 pe·

349 1250 513 1336 netratio,
530 1272 610 1342 quae
636 1255 690 1319 est
712 1250 801 1321 ratio
826 1249 991 1320 mixturae
1004 1246 1252 1340 principiorum
1278 1245 1414 1338 chymi-
1551 1239 1552 1324 l

349 1387 478 1452 corum,
496 1384 643 1457 quaeque
659 1362 696 1434 in
721 1363 914 1434 nutritione
929 1386 991 1456 per
1012 1367 1100 1432 totus
1122 1373 1324 1450 assumptum
1350 1361 1415 1428 alt-

348 1492 502 1562 montem,
518 1477 555 1548 in
574 1476 855 1570 transpiratione,
876 1479 913 1548 in
937 1475 1185 1548 distributione
1204 1473 1298 1545 succi
1322 1472 1415 1542 vita·

348 1593 404 1682 lis,
426 1598 524 1663 etc...
549 1591 649 1685 quasi
677 1591 862 1663 manifesta
886 1598 949 1662 est.
981 1619 997 1656 «
1023 1590 1151 1662 Omnes
1171 1588 1209 1659 hi
1233 1584 1416 1681 spontanei

348 1705 506 1780 materiae
522 1714 637 1776 motus
650 1705 723 1797 ejus
743 1705 953 1776 desiderium
974 1727 1010 1777 se
1030 1702 1244 1798 perficiendi,
1271 1700 1416 1794 ejusque

350 1826 600 1915 consequenter
613 1819 735 1905 vitam,
751 1819 939 1889 declarant.
956 1848 973 1883 >2
990 1815 1152 1906 XXVIII,
1171 1817 1224 1888 lb.

350 1945 351 1950 ’
393 1934 482 2006 Item
493 1934 537 2005 de
548 1933 704 2006 crassitie
719 1941 754 2004 et
766 1933 951 2020 tenuitate,
965 1933 1186 2027 motibusque
1196 1932 1241 2003 ad
1251 1954 1309 2004 eas
1321 1955 1417 2025 spec·

348 2049 507 2120 tontibus
529 2048 709 2140 cogitanti,
734 2046 949 2140 «appetitus
975 2045 1190 2118 ooalescendi
1222 2046 1295 2140 (qui
1316 2069 1353 2117 v.
1380 2069 1414 2138 g.
1551 2119 1552 2128 ,

349 2163 387 2233 in
407 2160 570 2233 saccharo
587 2158 699 2233 Oandi
723 2167 759 2232 et
780 2160 951 2232 similibus
977 2160 1156 2249 cernitur),
1177 2160 1309 2232 clarum
1331 2161 1417 2232 vitae
1551 2169 1552 2212 ἒ

350 2276 522 2347 naturalis
542 2275 710 2347 indicium
731 2277 905 2369 praebet...
924 2301 941 2342 o
960 2303 977 2341 «
994 2274 1029 2346 si
1056 2282 1241 2368 argentum
1263 2274 1302 2345 in
1326 2296 1418 2368 aqua
1551 2331 1552 2336 ,

349 2387 433 2459 forti
457 2387 681 2478 dissolvatur,
705 2388 834 2480 injecta
860 2387 1053 2459 sufficiente
1083 2387 1280 2481 quontitate
1305 2386 1415 2480 cupri,
1551 2411 1552 2424 ¹

351 2525 441 2596 aqua
455 2502 598 2596 deponit
614 2510 808 2596 argentum,
829 2510 864 2574 et
875 2501 972 2594 rapit
982 2501 1018 2582 in
1036 2523 1072 2573 se
1089 2524 1246 2595 cuprum,
1269 2523 1418 2596 quocum

350 2616 561 2689 intimiorem
576 2616 682 2688 habet
697 2617 898 2688 amicitiam.
924 2645 941 2683 o
965 2615 1082 2686 Motus
1107 2637 1225 2688 omnes
1248 2637 1310 2708 per
1333 2637 1419 2708 quos
1551 2619 1552 2712 ᾖ

353 2759 369 2798 o
390 2731 569 2826 quodlibet
583 2754 705 2824 corpus
720 2729 998 2802 schematismum
1015 2751 1089 2802 suae
1114 2728 1241 2822 speciei
1261 2728 1417 2800 debiturn
1551 2719 1552 2804 ἶ

352 2846 499 2936 obtinet,
520 2875 537 2914 o
555 2869 617 2940 per
630 2869 716 2941 quos
731 2845 864 2917 scilicet
876 2844 1069 2915 inanimata
1085 2865 1175 2937 saepe
1190 2843 1302 2935 ipsam
1315 2864 1416 2936 orga-

352 2960 560 3032 nisationem
577 2960 774 3048 imitantur,
790 2965 843 3045 ut,
861 2959 984 3029 striata
1001 2979 1155 3050 corpora,
1170 2953 1306 3027 fibrosis
1329 2977 1416 3026 non·
1551 2969 1552 3040 ξ

351 3087 532 3168 nunquam
549 3074 791 3167 comparanda,
810 3079 897 3143 utet
912 3071 1023 3160 nives,
1040 3070 1239 3164 grandines,
1266 3067 1417 3162 pruinae,
1551 3131 1552 3134 ,

351 3187 493 3280 glacies,
508 3196 621 3277 eto...,
641 3215 658 3253 κ
670 3186 812 3259 insitam
835 3191 972 3256 naturae
989 3183 1099 3255 vitam
1112 3183 1295 3256 evidenter
1312 3205 1418 3276 argu·
1551 3201 1552 3264 f

351 3297 460 3373 unt...
488 3331 504 3367 »
538 3330 556 3368 o
577 3301 606 3373 si
630 3300 723 3372 enim
744 3298 997 3392 complexaris
1018 3296 1206 3370 formative
1232 3296 1364 3390 plantis
1384 3303 1419 3368 et
1551 3333 1552 3352 z

279 3463 282 3472 ·
351 3415 561 3486 animalibus
574 3414 713 3486 indulta
728 3416 771 3485 ab
786 3413 946 3484 omnibus
960 3435 1022 3505 pro
1038 3411 1230 3483 certissimo
1248 3410 1334 3481 vitae
1356 3432 1417 3481 ve·
1551 3425 1552 3472 1

352 3530 520 3622 getativae
536 3527 665 3600 indicio
680 3529 867 3616 habeatur;
883 3525 959 3620 pari
975 3523 1054 3617 jure
1079 3525 1155 3596 haeo
1175 3524 1323 3618 simplex
1345 3523 1418 3595 for·

352 3644 482 3714 matrix
497 3665 576 3737 quae
589 3641 738 3734 singulis
752 3662 932 3735 corporum
947 3638 1125 3732 speciebus
1140 3637 1297 3710 debitum
1319 3637 1418 3710 sche—

352 3756 551 3829 matismum
564 3763 600 3828 et
621 3756 742 3827 multis
754 3777 921 3849 perquam
943 3759 1150 3844 elegantem,
1166 3759 1241 3823 arte
1260 3751 1323 3822 vix
1338 3750 1419 3822 imi·

351 3869 511 3960 tabilem,
550 3869 743 3959 ministrat,
785 3892 847 3962 pro
884 3865 1078 3939 sufficiente
1118 3867 1205 3938 vitae
1248 3865 1419 3937 naturalis

349 3984 552 4056 testimonio
579 3984 741 4056 habenda
764 3989 828 4055 est.
851 3981 969 4055 Motus
994 3979 1087 4051 enim
1111 3987 1184 4052 tam
1208 3979 1419 4052 eminentem

351 4097 632 4171 schematismum
644 4098 749 4171 edens
758 4097 849 4168 nulli
860 4119 974 4178 causae
986 4101 1141 4168 externae
1150 4095 1276 4168 ascribi
1286 4100 1417 4189 potest,

355 4211 414 4282 sed
439 4219 564 4283 notura
587 4213 782 4283 clanculum
806 4210 900 4281 intus
923 4217 1096 4302 operatur,
1124 4216 1160 4282 et
1179 4217 1282 4312 nacta
1305 4208 1419 4280 ideam
