3196 5228
756 593 915 652 ...⁰28-

305 719 498 795 disserendi
511 723 579 796 sibi
592 723 742 796 statuit:
762 725 865 798 «Hic
885 725 975 798 liber
997 725 1040 797 de
1062 726 1267 818 probatione
1287 727 1371 798 vitae

306 836 478 908 naturalis
499 843 572 910 tam
595 861 618 908 c
638 842 898 932 priora-quam
923 863 945 910 a
956 842 1139 929 posteriore
1159 840 1300 934 satagit.
1329 840 1373 912 llt

307 973 330 1020 a
339 955 456 1040 priore
471 951 611 1045 quidem
624 953 795 1044 probatio,
812 975 875 1046 pro
891 976 968 1024 meo
980 952 1132 1036 modulo,
1150 953 1208 1026 hic
1220 955 1371 1026 ¹absolvi-

304 1070 364 1135 tur
380 1089 389 1134 ε
409 1070 623 1156 opertoriore
636 1089 719 1138 vero
734 1073 876 1138 tantum
889 1065 1074 1138 inchoatur
1087 1071 1110 1133 ¹.
1126 1097 1142 1132 »
1156 1067 1296 1140 Scilicet
1310 1067 1371 1162 qui

305 1199 349 1248 ne
374 1177 412 1250 in
438 1177 611 1252 medicina
633 1179 775 1274 quidem
802 1179 1105 1274 argumentatione
1130 1203 1170 1252 ac
1189 1181 1372 1252 ratiocinio

304 1296 572 1386 temperaverat,
591 1316 670 1366 eum
689 1295 800 1366 multo
818 1293 930 1387 magis
944 1315 1083 1366 necesse
1107 1300 1183 1366 erat
1202 1294 1241 1366 in
1258 1295 1372 1389 philo-

306 1406 427 1500 sophia
439 1406 484 1478 ad
496 1405 715 1480 dialecticam
737 1406 922 1495 rationem,
939 1407 1009 1502 qua
1031 1405 1148 1480 fuerat
1165 1408 1374 1496 innutritus,

305 1519 430 1592 redire.
447 1560 492 1574 -
513 1520 554 1596 Id
575 1544 713 1615 quoque
728 1543 807 1593 cum
827 1519 1004 1594 Leibnitio
1020 1543 1202 1594 commune
1216 1523 1322 1596 habet
1334 1531 1374 1594 ut

306 1634 444 1705 nullum
468 1633 629 1707 veritatis
656 1634 809 1719 fontem,¹
831 1634 968 1705 nullum
995 1634 1214 1728 magistrum,
1240 1637 1374 1708 nullam

306 1746 462 1820 discendi
494 1749 628 1844 aliquid
649 1749 948 1843 opportunitatem
969 1749 1137 1842 negligat.
1163 1777 1181 1817 c
1209 1749 1374 1822 Veterum

306 1861 478 1956 vestigiis,
492 1863 523 1936 ai
537 1863 730 1957 qut,salva
743 1861 1071 1934 veritateaensuum
1085 1863 1285 1942 testimonio
1299 1887 1374 1936 ma-

306 1974 500 2066 nifestarit,
527 1975 643 2067 liceat,
670 1977 814 2066 insist0;
838 1998 909 2066 eos,
928 1983 1099 2069 quantum
1113 1977 1209 2067 licet,
1228 1978 1374 2051 candide

305 2087 533 2183 interpretem
547 2089 584 2160 in
598 2111 717 2162 eorum
732 2089 946 2161 authoritate
965 2112 1143 2184 quousque
1166 2090 1219 2162 fas
1244 2098 1297 2162 est
1321 2115 1376 2164 ac-

306 2203 487 2298 quiesco...
506 2233 524 2270 a
541 2203 607 2276 Sed
625 2231 643 2269 «
659 2209 796 2296 oportet
810 2225 872 2273 nos
888 2224 963 2274 esse
976 2203 1163 2296 insigniter
1180 2204 1325 2298 ignavos
1340 2214 1376 2278 et

306 2315 476 2409 stupidos,
491 2316 521 2387 si
543 2323 643 2388 tanto
656 2316 822 2410 temporis
835 2316 954 2388 tractu
969 2337 1089 2388 eorum
1112 2317 1266 2390 inventis
1285 2318 1376 2389 nihil

307 2429 555 2504 addiderimus.
571 2429 665 2516 Quid
676 2430 787 2524 igitur
799 2429 985 2503 dicendum
1002 2431 1222 2504 estlsimihi
1235 2431 1377 2504 daretur

306 2545 413 2640 optio,
430 2569 494 2620 nec
508 2553 668 2619 veterum
686 2545 881 2618 authoritas
895 2535 1092 2636 vilesceret,
1108 2569 1173 2618 nec
1188 2547 1376 2620 neoterico-

306 2683 385 2734 rum
409 2659 585 2734 industria
607 2660 828 2735 flaccesceret
835 2683 846 2751 ;
870 2660 931 2732 sed
958 2660 1091 2733 veritas
1107 2661 1276 2757 undique,
1304 2661 1374 2734 viz.

307 2773 468 2848 omnibus
492 2775 561 2847 viis
585 2780 622 2847 et
642 2775 766 2866 modis,
792 2773 1088 2869 pervestigaretur
1111 2779 1138 2845 ².
1165 2805 1183 2840 a
1205 2778 1256 2848 Ad
1282 2781 1376 2850 leoto-

308 2913 379 2961 rcm
394 2901 410 2974 ἓ
423 2889 480 2962 ⁶20.

351 3006 470 3097 Atque
485 3002 559 3076 haec
573 3004 616 3076 de
627 3001 794 3076 Glissonii
810 3003 1090 3096 generedicendi
1105 3010 1141 3075 et
1153 3002 1290 3076 ratione
1304 3003 1376 3093 dis-

308 3117 457 3188 serendi.

351 3228 449 3303 Nihil
479 3229 567 3302 mihi
595 3229 734 3324 longius
760 3238 814 3303 est
839 3252 943 3324 quam
967 3230 1082 3324 ipsum
1101 3228 1175 3322 jam
1197 3229 1375 3318 inducere,

309 3364 406 3416 suam
423 3344 609 3417 denatura
632 3343 838 3417 substantiae
853 3344 1048 3418 doctrinam
1068 3343 1171 3418 unice
1184 3351 1221 3416 et
1239 3342 1377 3416 inutili-

307 3458 373 3530 bus
395 3456 586 3530 involueris
608 3480 713 3553 quam
741 3457 893 3530 maxime
919 3457 1104 3530 liberatam
1131 3465 1375 3554 exponentem.

308 3571 422 3646 Verba
442 3572 552 3668 ipsius
568 3595 612 3646 ex
627 3571 770 3646 consilio
785 3571 1055 3667 quamplurima
1073 3572 1234 3660 referam,
1251 3573 1379 3668 quippe

309 3686 409 3778 cujus
430 3686 520 3760 liber
535 3686 742 3759 difficillime
761 3685 957 3781 reperiatur
978 3693 1014 3757 et
1033 3686 1221 3758 lectoribus
1240 3686 1378 3780 paucis·

113 3881 116 3889 Ι
204 3826 206 3832 ·
308 3798 406 3872 simis
420 3799 459 3872 in
474 3821 583 3874 manu
594 3799 653 3872 sit.
670 3799 834 3874 Ceterum
847 3806 883 3871 et
906 3799 1082 3872 luculente
1100 3799 1233 3892 cogitat
1247 3808 1377 3887 noster,

308 3919 344 3985 et
360 3912 481 3986 scribit
490 3913 576 3985 catis
591 3935 690 4006 pure,
708 3905 958 4007 nonnunquam
971 3912 1114 4008 pulchre
1130 3935 1139 3984 ε
1158 3935 1378 4008 aequumque,

340 4139 348 4173 ⁴
368 4140 453 4204 Epist.
467 4142 551 4193 Dedit.
565 4141 584 4191 Α
598 4141 634 4192 3⁴.

339 4218 351 4253 ²
367 4219 404 4270 Cf.
420 4221 505 4271 Lelhn.
519 4223 598 4272 lettre
611 4220 628 4269 d
643 4222 673 4270 ll.
687 4219 767 4270 l'obbt
779 4220 891 4280 Niceten,
901 4218 998 4280 Eram,
1008 4231 1031 4281 p.
1042 4217 1101 4282 1‘203
1113 4219 1232 4268 zerrreaa
1240 4218 1270 4267 Ρ.
1279 4218 1379 4277 Boccor,

310 4299 379 4349 l69l.
391 4299 490 4364 didm,
504 4315 527 4365 p.
545 4302 601 4352 146.
