3196 5228
685 653 686 656 ,
792 591 951 654 -ta-

337 745 360 792 a
374 745 437 811 pao
452 727 630 812 facultates
648 736 678 792 et
689 725 892 812 operationes
914 725 1095 791 essentiales
1111 725 1266 810 proairae
1294 725 1400 794 dirua-

336 851 429 907 aaat.
446 863 463 902 »
483 876 523 890 -
539 836 616 907 Duo
626 835 745 928 itaque
755 841 838 904 sunt
851 833 1023 928 principia
1033 833 1233 906 essentialia
1248 834 1402 926 cujusvis

335 950 552 1038 substantiae,
580 971 658 1041 quae
681 946 931 1020 abstrahuntur
954 971 974 1018 a
998 947 1216 1040 supposito...
1240 947 1405 1022 videlicet

334 1062 559 1136 subsistentia
573 1059 846 1134 fundamentalis
858 1066 1030 1134 atnatura
1041 1061 1250 1154 emergetioa.
1268 1089 1285 1127 u
1303 1061 1403 1134 Resi-

334 1177 442 1249 duum
452 1175 557 1269 hujus
567 1176 812 1248 abstractionis
826 1182 880 1248 est
895 1175 1018 1248 modus
1034 1180 1197 1247 naturam
1210 1176 1340 1248 dictam
1353 1177 1398 1248 ad

335 1292 567 1365 substantiam
577 1291 783 1385 completam
797 1289 1013 1362 terminans»
1033 1295 1069 1361 et
1084 1290 1303 1384 suppositum
1317 1313 1399 1362 con·

333 1405 464 1477 ficiens.
495 1405 646 1490 «Quare
669 1407 750 1477 duae
775 1411 892 1499 partes
915 1402 1117 1476 essentiales
1143 1409 1226 1474 sunt
1250 1401 1403 1494 cujusvis

335 1518 506 1613 suppositi
516 1519 643 1606 creati;
660 1519 811 1592 ettertia
825 1540 905 1612 quae
916 1518 960 1588 ad
974 1516 1159 1590 essentiam
1170 1542 1239 1592 non
1254 1527 1400 1615 spectat,

334 1634 396 1706 sed
417 1638 557 1705 tantum
573 1640 735 1704 naturam
749 1630 926 1704 modificat
939 1639 976 1702 et
989 1633 1180 1725 complet.»
1199 1633 1245 1722 II,
1262 1633 1295 1723 6,
1312 1635 1347 1723 t,
1366 1641 1399 1706 8.

334 1748 423 1820 Duae
436 1769 519 1819 vero
534 1756 648 1843 partes
666 1746 866 1820 essentiales
880 1745 973 1818 inter
986 1768 1022 1817 se
1036 1745 1202 1819 differunt
1210 1755 1348 1835 tantum
1357 1758 1402 1822 ut

333 1861 548 1956 inadaequati
564 1868 762 1955 conseptus,
780 1860 929 1933 «saltem
940 1859 1076 1931 ratione
1086 1859 1399 1936 cumfundamento

333 1975 370 2046 in
390 1999 429 2047 re
441 1975 612 2048 distincti.
635 2005 651 2040 »»
668 1974 715 2064 H,
733 1975 767 2048 9.

379 2089 458 2161 Sola
471 2096 589 2161 autem
603 2096 730 2159 natura
745 2088 998 2170 substantialis,
1015 2092 1174 2176 univoce,
1195 2113 1257 2162 sau
1269 2091 1398 2183 praedi·

334 2201 654 2291 sementaliter,seu
664 2201 1130 2295 maximepropriesiadicta,
1140 2205 1400 2296 estparse‚sive

246 2323 249 2329 '
334 2314 506 2387 subsistit.
522 2314 565 2387 Ei
580 2315 689 2408 igitur
710 2316 776 2386 soli
798 2338 893 2386 mera
903 2321 1065 2406 parsettos
1080 2316 1257 2410 competit.
1273 2317 1319 2405 Il,
1343 2319 1397 2390 10.
1480 2407 1482 2410 ¹

333 2430 537 2502 Substantia
566 2436 660 2502 recte
687 2427 855 2500 definitur
880 2457 898 2494 «
920 2451 982 2501 ens
1010 2452 1073 2522 per
1101 2451 1138 2502 se
1168 2429 1398 2504 subsistens»

335 2544 497 2638 idemque
510 2566 572 2637 per
585 2565 622 2616 se
638 2565 755 2636 mens.
771 2542 835 2629 ΠΙ,
857 2542 898 2614 12
916 2546 939 2612 ¹.

377 2658 550 2730 Perseitas
559 2679 643 2728 varo
654 2657 796 2749 duplex.
810 2659 918 2728 Atera
933 2657 1154 2750 «explicatur
1164 2682 1226 2752 per
1236 2658 1397 2753 negatio·

334 2792 413 2843 nem
429 2770 694 2844 sustentationis
704 2772 748 2841 ab
759 2769 827 2840 alia
842 2777 1001 2841 creatura
1012 2773 1025 2810 ²
1037 2797 1055 2838 »
1067 2794 1136 2866 quo
1150 2780 1310 2866 respectu
1324 2779 1399 2845 sat·

334 2891 487 2958 sistentia
501 2889 744 2975 faadameatatt'
759 2907 824 2956 seu·
831 2891 967 2956 naturae
978 2885 1213 2974 substantiali,
1226 2895 1398 2980 quatenus

333 3024 396 3095 per
409 3023 444 3071 se
458 3007 674 3072 sustentatur
688 3021 799 3092 neque
814 2999 985 3091 dependet
999 3001 1043 3070 ab
1053 2999 1126 3071 ulla
1141 2999 1209 3071 alia
1226 3009 1397 3093 creatura,

332 3112 560 3185 adscribenda
583 3118 657 3200 est3
686 3112 796 3183 altera
826 3112 1070 3205 «exprimitur
1094 3136 1155 3207 per
1177 3115 1398 3208 negationem

333 3227 473 3300 unionis
483 3225 724 3299 substantialis
738 3249 816 3297 cum
826 3227 950 3320 quovis
961 3227 1043 3310 alio,
1057 3251 1153 3322 »quo
1167 3237 1339 3323 respectu,
1353 3231 1398 3302 ad

333 3345 575 3412 subsistentiam
586 3344 760 3429 medatem,
773 3339 918 3430 scilicet,
932 3340 976 3412 ad
989 3348 1163 3432 naturam,
1175 3349 1348 3437 quatenus
1360 3342 1399 3414 in

332 3455 467 3526 ratione
484 3453 689 3526 substantiae
706 3460 877 3526 concretae
891 3457 1096 3549 completam
1113 3462 1149 3528 et
1159 3457 1396 3548 terminatam,

332 3569 496 3662 pertinet.
513 3569 600 3640 Haec
617 3576 734 3642 autem
746 3572 970 3643 subsistentia
985 3572 1131 3645 modalis
1145 3573 1238 3646 idem
1256 3573 1343 3647 dicit
1358 3598 1400 3649 ac

333 3682 605 3788 suppositalitas.
621 3721 664 3738 -
678 3686 736 3755 An
752 3684 863 3776 igitur
888 3713 905 3755 a
922 3692 1032 3758 totam
1053 3687 1224 3762 rationem
1241 3690 1399 3784 supposi-

333 3796 484 3870 talitati's
512 3797 551 3868 in
583 3820 671 3891 pura
690 3800 912 3891 negatione»
944 3800 1092 3894 positam
1119 3801 1398 3875 arbitrabimur?

366 4044 374 4080 ¹
392 4043 432 4097 at.
449 4043 535 4095 Leib».
552 4030 686 4096 Paccius
702 4045 728 4096 la
744 4048 804 4097 Not.
822 4054 845 4098 et
858 4047 888 4097 de
905 4048 932 4098 to
951 4047 1036 4108 Grata,
1055 4047 1077 4098 1.
1095 4061 1110 4099 a
1123 4047 1154 4098 ta
1171 4048 1299 4100 substance
1312 4055 1349 4100 est
1364 4063 1397 4119 nn

333 4123 385 4176 ttre
397 4124 496 4189 capable
507 4124 617 4176 d'aotion.
627 4139 641 4176 u
651 4149 681 4164 -
693 4125 755 4191 nep.
765 4138 817 4176 aaa
828 4129 916 4192 object.
927 4128 963 4178 da
975 4130 1005 4178 P.
1018 4130 1096 4180 lomi.
1107 4128 1202 4194 Erdm„
1214 4143 1238 4194 p.
1246 4128 1302 4192 tto,
1315 4129 1362 4180 ool.
1376 4130 1397 4182 l.

363 4203 376 4239 ²
392 4205 476 4257 Laibn.
490 4203 581 4257 Ecum.
593 4207 635 4256 des
648 4208 736 4258 Prtac.
750 4209 779 4258 de
795 4207 899 4259 llalebr.
914 4209 1009 4269 lirim,
1022 4224 1045 4273 p.
1058 4209 1114 4260 692.
1126 4223 1142 4261 u
1153 4209 1222 4261 Ainsi
1233 4209 1256 4260 la
1268 4209 1397 4264 substance

334 4297 390 4338 sera
401 4299 435 4338 un
447 4294 546 4338 conam
557 4285 718 4351 intepentem
729 4287 759 4338 da
771 4293 823 4340 tout
835 4295 904 4340 autre
917 4295 1015 4340 conaret
1026 4289 1089 4342 ortt.
1101 4305 1115 4341 u
