3196 5228
790 633 888 696 -14
914 672 951 680 -,

327 811 330 820 -
383 797 399 831 t<
424 767 524 852 Quod
538 768 583 838 ad
599 766 753 860 partium
768 789 886 838 earum
901 764 1135 837 irritationem
1144 785 1206 857 per
1216 783 1405 833 consumam

335 882 464 952 attinet
476 909 484 965 ;
505 887 637 952 eertum
651 887 705 951 est
715 879 989 952 familiaritatem
1003 878 1048 950 iis
1060 879 1167 949 talem
1180 899 1261 978 cum
1273 874 1406 948 ventri·

335 995 412 1064 culo
437 1001 473 1066 et
493 991 670 1065 intestinis
689 991 915 1066 intercedere.
937 993 1029 1064 'Nam
1041 993 1079 1063 in
1095 989 1214 1062 culicis
1236 997 1281 1061 et
1293 986 1404 1058 iliacis

335 1108 512 1179 doloribus
526 1106 568 1197 (si
583 1107 684 1178 modo
695 1107 867 1178 vomitum
883 1106 1007 1190 cieant)
1017 1104 1097 1177 etin
1113 1104 1252 1176 cholera
1265 1102 1385 1172 morbo
1393 1123 1403 1190 3

335 1222 404 1293 imo
420 1244 503 1292 vero
524 1220 561 1291 in
577 1220 725 1308 vomitu,
745 1244 766 1291 a
791 1220 882 1313 gulae
899 1222 1010 1292 solum
1026 1221 1070 1290 ab
1084 1219 1200 1291 indito
1213 1217 1323 1311 digito
1337 1224 1407 1286 ‘aut

336 1336 492 1430 plumula
503 1334 761 1424 sollicitatione,
775 1334 961 1429 aliquoties
971 1335 1117 1424 iterata,
1128 1341 1165 1406 et
1178 1334 1215 1437 in
1231 1331 1310 1402 aliis
1324 1353 1407 1426 quo·

336 1471 403 1544 que
420 1449 696 1543 quibuscumque
722 1449 985 1538 vomitionibus,
1002 1449 1031 1520 si
1042 1449 1281 1521 venabulum
1301 1452 1407 1540 atque

335 1561 506 1632 intestina
528 1561 717 1654 plurimum
744 1561 986 1652 irritaverint3
1019 1560 1141 1634 eadem
1171 1560 1275 1632 simul
1303 1581 1407 1652 opera
1513 1560 1517 1567 '

336 1697 421 1746 vasa
440 1673 546 1746 fellea
570 1697 707 1768 quoque
728 1698 790 1768 per
813 1697 1019 1747 eonsensum
1045 1677 1222 1748 lacessunt
1246 1696 1267 1745 ε·
1284 1673 1339 1744 uti
1362 1693 1406 1744 ex

336 1789 553 1860 amarulento
574 1789 719 1860 humore
737 1799 831 1862 tunc
855 1791 1020 1884 temporis
1046 1813 1109 1884 per
1130 1813 1170 1862 cs
1194 1795 1325 1882 egesto,
1349 1787 1414 1858 uel¹

337 1901 497 1974 deorsum
513 1925 575 1996 per
586 1905 702 1974 sedem
717 1903 915 1993 deturbat0,
930 1907 1022 1978 clare
1039 1910 1224 1976 constat..
1277 1952 1288 1972 .
1337 1957 1346 1972 .
1396 1955 1404 1970 .

385 2047 400 2080 α
415 2017 478 2088 Est
494 2023 612 2088 autem
627 2039 815 2090 consensus
829 2015 936 2108 hujus
953 2039 1057 2089 causa
1071 2017 1279 2106 manifesta3
1305 2015 1408 2087 nimi-

335 2151 425 2220 rum,
450 2131 534 2225 quia
552 2131 630 2202 istae
653 2138 769 2224 partes
791 2155 917 2203 nervos
943 2155 1024 2204 suos
1046 2157 1067 2203 a
1092 2131 1296 2226 propinquis
1315 2129 1405 2202 sexti

334 2243 428 2338 paris
441 2244 585 2317 ramulis
599 2245 978 2341 accipiunt...ldeoque
987 2247 1081 2318 hand
1092 2269 1217 2338 magno
1226 2245 1407 2319 conamine
1493 2279 1502 2294 ·

336 2382 422 2452 opus
438 2367 503 2449 est,
525 2366 566 2430 ut
590 2367 726 2432 constet
749 2387 757 2430 :
783 2369 900 2454 partes
917 2362 1010 2452 illae,
1028 2385 1105 2456 quac
1126 2384 1258 2433 nervos
1280 2383 1360 2432 suos
1386 2381 1407 2430 a

334 2472 453 2544 vicina
467 2474 553 2544 adeo
576 2472 709 2566 origine
725 2482 945 2563 mutuantur,
968 2475 1071 2548 facile
1093 2477 1186 2548 inter
1207 2497 1243 2547 se
1259 2497 1404 2546 consen-

334 2586 508 2658 tire.....»

379 2703 444 2774 Hae
470 2708 553 2774 sunt
574 2700 805 2790 irritationis,
823 2710 863 2775 ut
882 2703 934 2774 ite
957 2703 1082 2794 dicam,
1111 2704 1340 2790 conditiones,
1367 2701 1405 2775 hi

335 2817 443 2890 modi.
468 2817 554 2902 Quae
574 2841 658 2890 vero
681 2818 752 2890 sint
774 2817 928 2910 ejusdem
953 2841 1078 2899 causae,
1102 2819 1193 2891 infra
1218 2825 1261 2914 (p.
1281 2821 1347 2891 454
1371 2826 1408 2891 et

334 2935 434 3027 seq),
450 2931 624 3027 liquorum
644 2933 845 3006 excretione
862 2957 911 3006 ac
935 2933 1122 3026 rejectione
1144 2935 1181 3006 in
1206 2936 1402 3028 exemplum

333 3048 453 3138 allata,
470 3049 627 3142 exponit.
768 3045 771 3052 “

379 3190 397 3228 «
425 3214 494 3233 .....
523 3161 689 3256 Liquores
710 3164 848 3235 cientur
875 3165 919 3235 ab
948 3168 1137 3236 irritatione
1160 3165 1319 3258 aliqua...
1347 3163 1404 3234 Fit

333 3283 450 3346 alitem
473 3275 534 3347 illa
549 3275 749 3355 trifariam:
776 3300 936 3372 nempeu
958 3284 1173 3369 plenitudine,
1194 3281 1237 3350 ab
1260 3284 1402 3350 acritio-

332 3395 401 3474 uiu,
417 3397 454 3461 et
468 3413 488 3459 a
504 3395 708 3479 oiporutione
721 3414 913 3462 neruorum.

338 3533 342 3540 ‚
377 3531 393 3568 «
411 3509 584 3588 Plenitudo
604 3504 728 3595 omnis,
748 3529 826 3577 cum
845 3507 976 3600 ubique
997 3511 1142 3598 molesta
1162 3507 1220 3598 sit,
1242 3519 1403 3581 necessa-

329 3617 381 3690 rio
404 3625 540 3712 partem
554 3626 732 3691 oneratam
744 3621 822 3713 plus
836 3621 997 3694 minusve
1013 3623 1234 3713 exstimulat3
1250 3621 1404 3720 facitque

329 3742 370 3808 ut
385 3737 563 3810 humorem
582 3738 849 3832 opprimentem,
866 3747 928 3811 aut
949 3739 1025 3833 ejus
1041 3743 1165 3814 saltem
1188 3741 1339 3836 aliquid,
1364 3740 1402 3811 in

328 3850 483 3922 vicinam
499 3859 632 3946 partem
651 3854 707 3923 vel
720 3861 898 3944 excernat,
918 3854 976 3926 vel
987 3853 1126 3946 rejiciat
1141 3861 1225 3928 ¹.

362 4097 370 4133 ⁴
391 4113 405 4148 u
423 4099 480 4150 lude
491 4099 518 4150 lit
532 4105 559 4151 ut
571 4090 670 4152 uberior
685 4101 793 4152 alimenti
811 4103 880 4168 copia
893 4101 918 4154 in
931 4096 1054 4156 nonnullis
1065 4105 1237 4172 pinguedinem
1251 4105 1402 4171 accumulati

328 4179 383 4230 ullis
399 4181 495 4232 veneris
515 4181 547 4231 sit
565 4182 757 4244 incitamentum
778 4182 802 4232 in
821 4183 876 4233 aliis
892 4184 1044 4238 allectionem
1053 4185 1198 4251 hystericam
1210 4189 1350 4255 exsuscitet,
1363 4188 1403 4239 ubi

329 4259 461 4323 plusculum
481 4261 534 4326 ejus
551 4261 575 4311 in
594 4267 689 4312 uterum
706 4263 848 4314 decubuerit
850 4301 910 4326 ......
930 4274 1001 4330 prout
1021 4281 1107 4332 nempe
1128 4269 1275 4335 pregrauutl
1295 4270 1363 4322 uerri
1379 4269 1402 4320 ln

329 4339 390 4390 hano
404 4339 499 4391 illamve
510 4347 603 4406 portem
614 4355 665 4392 sese
682 4345 744 4392 torte
756 4345 955 4396 exoneraveriut:
969 4357 983 4398 u
