3156 5232
653 615 830 680 —ll'l-

210 741 332 834 titate;
351 751 386 816 et
404 743 446 817 de
462 744 613 818 essentia
638 745 827 818 aooidentis
850 746 1053 825 materialis.
1078 770 1144 818 non
1163 771 1274 844 posse,

208 861 339 954 absque
362 861 521 932 materia.
547 860 634 934 Oum
660 884 741 956 ergo
765 861 911 934 materia
933 862 971 932 in
993 860 1171 934 infinitum
1195 872 1277 936 aotu

208 972 323 1044 divisa
337 972 374 1044 in
390 957 478 1045 nihil
495 975 713 1068 redigeretur
719 999 730 1066 3
752 981 850 1068 patet
872 976 1084 1076 eamquoad
1104 977 1275 1049 actualem

208 1087 393 1158 entitatem
417 1087 552 1160 finitam
575 1111 662 1177 esse,
679 1095 714 1160 et
729 1111 803 1160 esse
818 1087 992 1158 infinitam
1011 1095 1151 1160 tantum
1166 1093 1202 1162 in
1219 1115 1274 1162 or-

207 1201 289 1272 dine
309 1201 353 1272 ad
372 1201 547 1274 infinitam
573 1203 780 1276 divisionem
802 1202 1030 1297 potentialem
1051 1210 1087 1276 et
1107 1207 1274 1278 suooessi·

206 1339 300 1407 vam,
327 1340 430 1412 quam
449 1319 500 1389 ita
521 1317 611 1390 ferat
631 1324 672 1389 ut
693 1341 734 1390 ea
754 1316 882 1390 divisio
907 1339 1086 1412 nunquam
1106 1319 1150 1390 ad
1169 1317 1274 1393 finem

206 1430 350 1525 perduoi
366 1439 482 1526 queat.
501 1460 518 1497 a
535 1431 683 1522 XXXII,
698 1430 755 1504 24.

250 1547 291 1618 In
317 1545 431 1640 eapite
459 1546 609 1620 XXXIV
635 1554 672 1618 et
701 1568 861 1640 supremo
892 1544 1006 1618 fusius
1033 1552 1207 1620 tractatur
1235 1554 1273 1620 de

203 1667 338 1735 minimo
352 1667 517 1752 naturali,
532 1684 639 1756 quum
668 1683 753 1756 opus
777 1683 851 1732 esse
877 1668 978 1755 putet
998 1660 1270 1754 Glissoniusut,

204 1801 272 1872 quo
294 1800 399 1850 sensu
421 1776 566 1848 minima
589 1775 764 1848 naturalia
791 1783 827 1847 et
855 1783 987 1847 atomos
1016 1777 1194 1869 ooneedat,
1211 1785 1273 1851 aut

205 1898 323 1984 neget,
340 1893 492 1986 pressius
506 1889 670 1962 declaret.
688 1889 864 1982 Imprimis
879 1889 991 1983 igitur
1004 1890 1097 1984 ipsas
1111 1877 1213 1965 voees
1228 1896 1271 1967 ab

203 2004 435 2099 ambiguitate
449 2003 499 2075 sio
519 2002 656 2076 liberat.
689 2003 774 2075 Tam
801 2010 937 2075 atomus
960 2026 1064 2096 quam
1089 2004 1272 2078 minimum

204 2120 369 2193 divisioni
383 2125 593 2212 repugnant.
608 2116 818 2189 «Minimum
838 2119 999 2188 naturale
1015 2118 1051 2189 in
1065 2125 1160 2192 statu
1170 2144 1269 2216 sepa-

202 2241 278 2305 rato
296 2241 349 2306 est
362 2235 603 2327 oorpuseulum
619 2230 848 2317 indivisibile,
867 2238 903 2302 et
917 2238 1065 2302 atomus
1089 2231 1218 2306 Verum
1233 2236 1270 2308 in

198 2356 294 2420 statu
304 2347 501 2439 conjuncto,
509 2368 707 2440 quanquam
715 2345 903 2439 aliquando
913 2353 1058 2418 vooetur
1071 2347 1268 2441 minimum,

201 2461 294 2554 quod
310 2459 452 2534 seorsim
469 2459 725 2532 consideratum
749 2458 796 2529 sit
810 2455 964 2550 ejusdem
985 2460 1170 2554 parvitatis
1189 2485 1268 2534 oum

201 2599 283 2648 vero
294 2576 438 2648 minimo
450 2581 625 2670 separat03
640 2580 838 2646 nontamen
854 2582 907 2644 est
921 2575 1024 2667 plane
1037 2575 1266 2668 indivisibile,

199 2714 263 2762 nea
278 2688 330 2764 eo'
351 2715 455 2764 sensu
489 2697 637 2762 atomus.
671 2689 806 2760 Revera
834 2687 991 2778 minima,
1024 2694 1159 2784 (nempe
1188 2695 1267 2785 qilae

86 2806 90 2814 ‘
198 2805 313 2878 forent
336 2804 480 2877 minima
499 2803 528 2876 si
557 2802 699 2875 seorsim
718 2804 877 2894 starent),
898 2802 1000 2873 unita
1023 2803 1061 2874 in
1086 2805 1263 2888 continuo,

197 2944 265 2992 non
292 2927 375 2992 sunt
398 2917 534 3012 proprie
557 2916 743 2988 minima...
766 2915 856 2987 Sunt
879 2916 972 2988 enim
999 2925 1103 2989 auota
1126 2941 1266 2991 aoeessu

195 3035 347 3128 partium
365 3035 490 3126 quibus
505 3030 754 3103 continuantur
767 3036 803 3102 et
823 3031 1139 3116 eommunieantur;
1160 3039 1266 3125 atque

197 3151 281 3221 adeo
310 3155 452 3242 propter
484 3147 575 3217 hana
598 3145 795 3216 auctionem
823 3143 935 3215 dividi
961 3145 998 3215 in
1025 3144 1182 3238 quolibet
1211 3147 1266 3219 sui

199 3271 327 3357 puncto
343 3267 487 3357 queunt.
507 3289 525 3325 o
543 3257 705 3344 XXXIV,
726 3259 757 3343 1,
769 3255 810 3329 ’9.

241 3376 438 3470 Exponitur
455 3375 537 3446 inde
552 3395 592 3445 aa
606 3372 832 3467 perpenditur
852 3369 1000 3446 (lartesii
1019 3373 1062 3446 de
1081 3397 1122 3448 eo
1136 3400 1174 3449 re
1188 3400 1264 3449 sen-

196 3493 320 3578 tentia,
341 3489 401 3584 qui
425 3517 441 3554 a
457 3511 527 3559 non
550 3488 628 3559 vult
642 3509 717 3558 esse
736 3485 848 3578 reipsa
872 3493 1004 3558 atomos
1019 3509 1080 3559 sen
1106 3488 1263 3562 indivisi-

197 3604 294 3688 bilia,
308 3603 368 3676 sed
382 3603 527 3674 minima
543 3600 702 3694 quaedam
712 3600 914 3692 oorpusoula
925 3601 1048 3673 saltem
1056 3601 1260 3694 divisibilia,

196 3718 256 3787 sed
271 3716 328 3787 vel
343 3713 495 3806 ejusdem
521 3715 577 3785 vel
601 3713 750 3784 diversae
770 3713 1023 3805 magnitudinis
1040 3723 1076 3786 et
1089 3715 1222 3808 figurae.
1242 3747 1258 3782 a

196 3829 347 3923 Prinoip.
361 3826 600 3922 philosophiae,
611 3833 701 3920 part.
715 3823 750 3916 2,
759 3835 795 3895 n⁰
811 3824 919 3898 XX..
933 3825 1009 3912 Qua
1021 3828 1058 3899 in
1073 3831 1260 3922 sententia,

198 3945 283 4038 quid
308 3945 383 4037 ipse
409 3945 541 4036 probet,
573 3941 657 4034 quid
690 3963 772 4022 non,
803 3948 922 4032 aperte
951 3950 1067 4014 noster
1094 3945 1259 4018 declarat.

198 4058 379 4130 Materiam
392 4058 429 4130 in
444 4055 620 4128 infinitum
637 4053 848 4125 divisibilem
860 4077 932 4127 esse
943 4059 1143 4150 oomprobat
1152 4081 1163 4148 ;
1179 4068 1260 4132 aotu

192 4171 349 4244 verusio
377 4171 488 4243 dividi
514 4194 613 4265 posse
636 4190 855 4264 nequaquam
883 4171 1054 4261 coneedit,
1075 4172 1157 4263 imb,
1190 4196 1259 4245 non

193 4307 292 4381 posse
331 4285 467 4357 iteratis
505 4286 723 4378 argumentis
761 4281 904 4354 evinoit.
937 4312 954 4350 «
979 4285 1140 4358 Alterum
1167 4289 1259 4382 quod
