3156 5232
649 662 688 674 ..
710 623 748 690 93
769 662 808 674 ..

195 761 335 828 secubo
348 759 498 826 movendi
515 754 620 834 »XX‚
638 753 816 827 6¹.Locus
824 753 880 828 hic
891 722 1145 845 unfranvill,
1153 752 1200 844 3,)
1210 759 1263 822 tc·

194 878 268 942 tam
280 869 427 942 istorum
441 868 596 962 capitum
609 867 708 963 quasi
723 869 954 941 substantiam
972 874 1185 940 contractam
1205 866 1261 937 in-

195 985 335 1058 cludere
348 983 500 1057 videtur.
515 1012 533 1050 «
549 983 721 1078 Supponit
730 984 873 1056 Suarius
881 983 1052 1056 actionem
1064 1006 1128 1056 nec
1141 1005 1215 1055 esse
1227 983 1264 1053 in

196 1105 336 1192 agente,
353 1118 507 1169 necesse
523 1097 660 1190 agentis
680 1096 842 1167 modum:
861 1119 925 1168 nos
940 1120 1022 1169 vero
1042 1095 1266 1190 probavimus

196 1212 369 1284 actionem
380 1233 454 1283 esse
468 1209 601 1300 aliquid
613 1211 652 1281 in
665 1216 802 1303 agente,
818 1209 951 1281 scilicet
962 1210 1076 1283 nisum
1087 1209 1264 1298 movendi,

197 1347 345 1418 eumque
364 1323 480 1396 nisum
504 1345 580 1395 esse
604 1329 721 1395 actum
748 1323 916 1416 potentiae
945 1323 1088 1396 motivae
1115 1321 1265 1417 agentis,

197 1437 352 1532 adeoque
367 1461 441 1510 esse
457 1438 596 1509 modum
613 1435 781 1528 ejusdem,
803 1443 840 1509 et
858 1436 1005 1531 primam
1032 1438 1159 1509 activae
1183 1461 1266 1509 cau-

198 1551 342 1623 sationis
359 1557 507 1646 partem,
523 1574 545 1622 a
561 1573 630 1644 qua
644 1559 811 1644 tanquam
827 1574 847 1621 a
861 1550 992 1622 causali
1003 1550 1100 1623 fonte
1117 1575 1178 1623 seu
1194 1558 1266 1622 ter·

197 1666 291 1739 mino
306 1690 406 1763 aquo
420 1673 495 1738 tota
509 1666 600 1738 actio
612 1666 781 1752 dimanat,
798 1664 923 1761 cuique
936 1666 1173 1738 continuatur.
1189 1667 1267 1739 Non

197 1788 314 1853 eutem
329 1803 509 1874 negamus,
526 1788 659 1873 partem
673 1780 819 1851 actionis
833 1779 870 1850 in
887 1803 1025 1873 passum
1040 1787 1267 1874 propagatam

199 1917 273 1966 csse
301 1895 340 1964 in
360 1915 478 1988 pass03
502 1894 563 1965 sed
594 1893 846 1965 consideratam
874 1901 1047 1989 quatenus
1076 1892 1269 1985 subjective

196 2031 296 2102 passo
317 2007 468 2079 inhaeret
484 2029 558 2079 esse
573 2008 790 2101 passionem:
808 2007 1001 2102 principem
1018 2030 1101 2079 vero
1117 2014 1153 2078 et
1174 2007 1267 2078 radi-

198 2123 307 2194 calem
323 2121 472 2193 actionis
486 2128 621 2215 partem
636 2145 710 2194 esse
726 2122 762 2192 in
783 2138 921 2215 agente,
937 2145 1008 2193 non
1022 2127 1063 2192 ut
1077 2119 1268 2193 terminum

198 2235 361 2308 ultimum
376 2243 438 2307 aut
456 2235 631 2326 effectum,
657 2238 717 2308 sed
736 2244 777 2307 ut
804 2236 1041 2308 causationem
1068 2236 1209 2308 abintus
1230 2236 1268 2305 in

198 2357 323 2443 agente
339 2351 565 2422 oriundam...
583 2349 829 2444 comparamus
840 2350 959 2445 itaque
978 2349 1171 2444 potentiam
1184 2349 1269 2420 acti·

198 2485 278 2534 vam
299 2463 428 2558 effigiei
451 2464 565 2559 sigillo
592 2465 790 2559 insculptae,
819 2465 918 2557 cujus
937 2464 1017 2536 nisu
1046 2469 1121 2555 (aut
1144 2465 1268 2536 saltem

199 2577 329 2669 renisu)
346 2578 523 2669 movendi,
543 2579 791 2651 simulachrum
814 2602 903 2651 cerae
916 2578 1142 2673 imprimitur.
1161 2577 1267 2672 Sigil-

198 2691 269 2762 lum
285 2691 464 2785 quiescens
475 2695 678 2787 potentialis
694 2702 747 2766 est
765 2700 801 2766 et
815 2701 934 2766 manet
949 2717 959 2783 ;
976 2695 1037 2766 sed
1051 2701 1132 2766 actu
1151 2693 1268 2765 nitens

85 2879 87 2882 .
194 2828 396 2895 semovere,
412 2815 576 2880 autcerae
598 2809 767 2897 renitens
791 2831 867 2880 eam
890 2806 993 2880 facile
1011 2810 1192 2880 cedentem
1221 2807 1268 2880 si·
1329 2875 1331 2880 .

196 2919 309 3012 gillat.
330 2949 347 2986 »
363 2920 494 3012 XXIII,
513 2922 546 2994 3.

243 3033 365 3128 Capite
379 3035 495 3108 XXIV
519 3038 563 3108 ad
582 3060 722 3131 scopum
746 3037 898 3111 auctoris
915 3039 1126 3111 reducimur.
1152 3041 1267 3132 Aquo

199 3149 228 3222 si
242 3156 354 3242 petas,
366 3173 434 3245 qua
448 3152 491 3222 de
508 3175 610 3223 causa
628 3184 641 3218 o
653 3152 691 3224 in
707 3153 880 3246 spinosam
895 3154 985 3225 hanc
998 3176 1157 3240 messem,
1168 3153 1266 3223 nulla

199 3270 344 3354 cogente
368 3264 587 3356 necessitate,
609 3265 733 3338 falcem
751 3267 948 3357 immiserit,
969 3261 987 3332 i
1020 3267 1206 3360 respondet
1229 3288 1265 3337 se

199 3377 285 3448 alias
299 3377 361 3449 vix
389 3379 542 3471 potuisse
562 3411 575 3445 c
604 3382 647 3452 de
678 3380 773 3453 hisce
804 3380 1063 3474 operationibus
1085 3379 1265 3473 perspicue

198 3490 306 3585 loqui,
316 3498 379 3562 aut
390 3493 527 3564 easdem
542 3493 586 3564 ad
601 3515 681 3564 sues
691 3516 812 3565 causas
822 3493 907 3565 satis
918 3493 1082 3564 distincte
1094 3492 1263 3565 referre.»

277 3633 292 3672 c
312 3603 449 3677 Gnarus
464 3630 571 3696 eram,
601 3607 730 3701 inquit,
751 3607 875 3702 quanti
897 3609 943 3679 sit
970 3606 1159 3678 moliminis
1182 3631 1264 3679 acu-

197 3718 284 3790 mini
312 3709 528 3793 celeberrimi
556 3721 846 3815 subtilissimique
881 3722 1112 3815 Metaphysici
1138 3731 1266 3794 memet

199 3855 381 3926 opponere.
400 3835 531 3907 Verum
548 3858 607 3928 spe
624 3843 806 3925 assecutae,
819 3858 862 3907 ex
873 3844 971 3929 parte
988 3838 1125 3925 saltem,
1138 3837 1268 3908 verita·

198 3949 245 4019 tis
272 3948 395 4039 fretus,
414 3951 478 4022 hoc
506 3973 610 4021 ausus
632 3974 720 4022 sum.
742 3950 857 4034 Quum
874 3951 966 4023 enim
994 3949 1110 4022 omnia
1127 3959 1268 4048 propter

233 4145 240 4178 ¹
258 4144 343 4196 Leibn.
361 4145 454 4209 Erdm,
472 4163 494 4212 p.
509 4147 563 4212 ill,
575 4148 621 4199 col.
632 4150 648 4199 2
659 4161 665 4198 z
677 4161 692 4198 u
705 4149 748 4199 Vis
761 4149 839 4199 activa
853 4156 932 4200 actum
945 4149 1081 4214 quemdam,
1099 4149 1147 4198 cive
1162 4145 1266 4207 εντελέ.

199 4246 287 4306 χειαν,
300 4231 414 4290 continet,
432 4235 503 4293 stunc
519 4229 582 4280 inter
598 4229 737 4278 lacnltalem
756 4230 842 4293 agendi
859 4232 1023 4297 actionemque
1042 4233 1118 4296 ipsam
1137 4235 1267 4286 mediaest

202 4318 226 4366 ct
237 4319 349 4366 conatum
361 4310 490 4362 involvit.»
