3196 5228
771 648 930 708 ..τε-

321 777 396 850 haec
413 778 585 874 perceptio
603 799 656 849 res
671 778 761 849 olore
778 777 943 848 distincta
961 781 1014 848 est
1028 797 1048 846 a
1061 797 1174 848 sensu.
1193 801 1210 842 n
1230 776 1297 869 (Ad
1311 780 1381 850 leo-

318 901 442 983 torem,
457 895 480 986 ἓ
495 893 562 983 lb.)

364 1006 490 1077 Forsan
516 1006 642 1100 aliquis
669 1006 766 1077 illam
793 1005 964 1078 inhaerere
989 1013 1107 1076 tomen
1135 1007 1280 1098 animae,
1309 1006 1384 1080 sive

287 1145 291 1154 ·
318 1120 542 1213 vegetativae,
567 1119 642 1191 sive
660 1119 851 1208 sensitivae,
875 1119 1002 1191 obnixe
1027 1120 1226 1210 contendet,
1251 1119 1386 1194 scilieet

319 1232 440 1304 formae
455 1233 512 1305 ovi
526 1240 589 1305 aut
603 1233 703 1326 grani
717 1233 899 1322 inhaerere,
922 1256 1025 1327 quam
1052 1235 1212 1306 nonnulli
1233 1235 1385 1308 animam

322 1347 518 1420 inchoatam
535 1347 707 1440 (quamvis
726 1347 772 1418 sit
795 1353 923 1438 praeter
943 1368 1044 1418 usum
1067 1347 1243 1440 loquendi)
1259 1371 1385 1422 vocare

322 1466 464 1555 queant.
493 1488 509 1526 «
525 1461 726 1554 Respondes
741 1484 858 1549 ovum,
880 1483 942 1532 seu
961 1460 1143 1532 materiam
1158 1461 1275 1552 foetuS,
1296 1463 1334 1534 in
1348 1486 1384 1536 se

321 1573 500 1646 continere
515 1573 660 1645 formam
677 1574 764 1664 (sive
781 1597 857 1646 eam
873 1572 1023 1645 animam
1043 1597 1167 1646 vocare
1181 1576 1291 1662 lubet,
1310 1576 1384 1648 sive

321 1689 466 1760 formam
483 1689 572 1780 ovi);
597 1696 701 1783 atque
724 1711 801 1760 eam
824 1688 982 1778 sormam,
1006 1689 1191 1782 quamdam
1211 1689 1383 1762 modifica-

315 1803 447 1875 tionem
477 1803 564 1874 vitae
592 1803 783 1892 naturalis,
816 1809 852 1874 et
876 1810 1128 1896 consequenter
1152 1804 1383 1898 perceptionis

316 1937 452 2009 quoque
467 1915 650 1998 naturalis,
669 1915 847 1987 includere
860 1937 871 2004 ;
892 1916 953 1986 sed
966 1914 1179 2008 impossibile
1194 1937 1280 2003 esse,
1296 1917 1383 1987 ulti-

315 2053 410 2101 mum
434 2027 628 2120 subjeetum
657 2029 761 2121 hujus
790 2030 874 2102 vitae
898 2037 961 2102 aut
985 2031 1217 2124 perceptionis
1240 2031 1286 2104 sit
1310 2033 1384 2104 ulla

316 2143 433 2215 anima
457 2143 661 2228 materialia,
685 2144 768 2237 quia
790 2167 832 2215 ea
857 2167 927 2215 non
948 2166 1010 2237 per
1033 2167 1069 2216 se
1098 2143 1270 2216 subsistit.
1291 2145 1386 2217 Vitae

316 2257 430 2343 radix,
454 2257 665 2350 ubicumque
694 2265 759 2346 est,
794 2255 942 2348 alicujus
977 2256 1184 2329 substantiae
1214 2257 1290 2330 vita
1317 2265 1383 2330 est.

317 2371 415 2443 Nihil
427 2372 520 2442 enim
535 2371 629 2443 inter
643 2372 874 2442 substantiam
888 2379 925 2443 et
941 2372 1157 2443 vitamsuam
1171 2373 1386 2446 intercedere

317 2490 443 2578 potest.
460 2485 561 2570 Quod
580 2507 649 2557 non
666 2492 719 2557 est
733 2508 794 2579 ρετ
810 2508 858 2575 εε,
875 2486 905 2556 si
920 2486 1031 2575 vivat,
1049 2485 1141 2556 vivit
1157 2485 1387 2558 modificando

320 2599 429 2690 aliud,
445 2599 538 2695 quod
551 2622 613 2693 per
628 2623 664 2671 se
675 2599 779 2689 vivit,
793 2599 953 2694 quodque
966 2607 1019 2670 est
1034 2623 1097 2693 per
1110 2623 1157 2671 se.
1172 2641 1210 2656 -
1222 2599 1314 2672 Fieri
1325 2623 1385 2694 po-

247 2760 250 2764 ·
319 2721 390 2788 test
404 2722 445 2787 ut
461 2713 595 2808 aliquid
608 2714 657 2785 sit
673 2737 736 2808 per
749 2736 798 2803 se,
813 2721 849 2786 et
867 2714 967 2790 vivat
981 2737 1042 2808 ρετ
1055 2713 1164 2805 aliud,
1179 2714 1312 2787 scilicet
1325 2737 1387 2808 ρετ

320 2831 430 2901 vitam
442 2828 684 2922 participatam
700 2829 744 2898 ab
755 2828 823 2897 alio
838 2850 846 2898 :
864 2829 925 2898 sed
935 2826 1055 2900 vivere
1069 2851 1131 2922 ρετ
1144 2850 1182 2901 se
1195 2835 1232 2901 et
1245 2851 1388 2922 esseper

320 2944 428 3034 aliud,
446 2941 658 3037 impossibile
671 2949 735 3014 est.
752 2943 841 3012 Nam
858 2943 950 3034 quod
972 2942 1063 3014 vivit
1078 2965 1139 3037 per
1157 2965 1205 3029 se,
1222 2943 1315 3014 vivit
1331 2944 1386 3014 vi-

319 3066 392 3131 tam
412 3081 433 3130 a
455 3058 553 3130 nulla
573 3064 733 3129 ereatura
748 3062 877 3150 praeter
896 3079 933 3128 se
955 3056 1070 3150 ipsum
1086 3057 1351 3151 dependentem.
1368 3086 1385 3124 »

319 3175 448 3248 Anima
461 3171 664 3254 materialis,
684 3194 789 3265 quum
813 3171 943 3243 nonsit
963 3193 1024 3242 ens
1045 3195 1107 3265 per
1129 3195 1177 3262 se,
1194 3174 1386 3244 subsistens

321 3290 425 3386 (quod
448 3289 513 3362 soli
527 3290 655 3362 animae
676 3289 840 3360 rationali
856 3288 1053 3381 contingit),
1071 3311 1136 3360 neo
1150 3311 1212 3382 per
1225 3310 1261 3360 se
1280 3287 1385 3359 vivit.

320 3407 444 3480 Modus
462 3403 572 3498 ipsius
586 3403 743 3474 materiae
758 3408 812 3475 est
820 3424 832 3493 ;
847 3402 991 3496 vitaque
1005 3425 1074 3495 qua
1087 3401 1217 3473 fruitur
1231 3401 1321 3472 nihil
1334 3409 1388 3474 est

322 3521 389 3595 nisi
409 3520 531 3592 modus
550 3517 638 3589 vitae
657 3517 826 3588 materiae.
844 3516 993 3587 Materia
1006 3522 1123 3587 autem
1136 3515 1225 3608 ipsa,
1245 3512 1388 3609 ejusque

320 3635 396 3708 vita
416 3633 585 3728 primaeva
603 3659 620 3696 ε
634 3637 774 3702 tantum
794 3635 836 3702 ut
856 3628 1072 3724 inadaequati
1088 3635 1275 3723 conceptus
1298 3624 1389 3731 ejus·

323 3749 401 3823 dem
422 3748 475 3820 rei
502 3747 848 3839 distinguuntur...»

366 3863 438 3935 Nec
452 3861 579 3932 mirum
594 3865 648 3932 est
664 3858 777 3930 vitam
795 3857 1001 3951 originalem
1016 3879 1089 3930 esse
1103 3858 1214 3952 ipsam
1231 3855 1389 3930 materiae

320 3983 483 4050 naturam
502 3973 746 4068 energetioam.
761 3971 849 4058 Quis
864 3971 958 4046 enim
973 3972 1149 4046 existimet
1164 4001 1182 4039 «
1197 3979 1271 4044 tarn
1291 3971 1389 4044 nobi·

320 4095 388 4167 lem
404 4091 590 4164 entitatem
603 4089 721 4184 qualis,
728 4094 782 4161 est
796 4111 858 4160 ens
870 4111 933 4181 per
946 4112 982 4160 se
997 4088 1202 4178 subsistens,
1216 4111 1290 4160 esse
1307 4087 1388 4157 inu·

320 4207 420 4279 tilam
435 4212 471 4278 et
486 4205 531 4276 ad
545 4203 678 4275 nullam
693 4201 929 4296 operationem
948 4203 1093 4274 natam?
1109 4231 1126 4270 »
1144 4201 1259 4288 Quare
1277 4201 1315 4272 in
1328 4222 1390 4270 sua

324 4319 471 4392 entitate
484 4324 641 4390 naturam
662 4317 895 4410 euangelicam
913 4339 983 4388 ase
999 4339 1068 4388 non
1082 4315 1224 4389 realiter
1242 4307 1389 4386 distino-
