3156 5232
797 609 955 670 -91-
1027 633 1030 642 ·

339 736 444 810 ullam
481 738 626 811 formam
658 735 873 810 materialem
906 733 1057 829 primum
1086 733 1263 808 internum
1291 745 1407 812 motus

337 850 546 947 principium
569 850 727 923 materiae
752 849 909 922 sufficere
934 873 944 921 r
967 848 1064 920 istud
1086 871 1169 920 vero
1198 871 1272 923 esse
1294 851 1405 946 ipsam

337 972 498 1038 naturam
527 963 761 1059 energetioam
789 962 996 1036 substantiae
1023 961 1062 1033 in
1085 985 1225 1056 genere.
1249 959 1404 1040 Primum

338 1077 431 1150 euim
447 1085 561 1151 motus
579 1078 789 1175 principium
808 1100 878 1150 non
894 1084 948 1151 est
961 1074 1085 1149 modus
1098 1075 1256 1165 alterius,
1275 1101 1339 1152 neo
1352 1089 1406 1154 est
1507 1115 1510 1125 ·

338 1216 399 1286 per
409 1189 652 1265 inhaerentiam
662 1191 713 1281 in,
728 1198 764 1264 et
776 1189 1043 1286 dependentiam
1054 1191 1111 1280 ab,
1122 1189 1193 1261 alia
1202 1199 1401 1266 ereatura...

338 1306 404 1380 Per
420 1306 569 1402 primum
585 1305 796 1401 principium
811 1304 971 1399 intelligo
994 1304 1141 1399 primam
1166 1313 1316 1380 creatam
1332 1332 1404 1380 mo·

337 1429 395 1495 tus
411 1445 551 1495 oausam
569 1421 788 1495 internam...
807 1449 824 1489 a
841 1419 971 1511 XVIH,
991 1422 1044 1493 14.

329 1622 332 1629 ,
382 1535 557 1627 Ceterum,
574 1536 686 1609 forma
705 1535 850 1631 physica
868 1557 937 1607 non
956 1540 1009 1607 est
1027 1542 1213 1630 perpetua;
1232 1537 1324 1633 quod
1339 1563 1401 1610 au-

322 1659 403 1725 ·tem
424 1673 494 1723 non
516 1657 570 1746 est
591 1663 796 1746 perpetuum
810 1657 846 1722 et
861 1649 1092 1740 immutabile,
1107 1673 1177 1723 non
1197 1660 1251 1724 est
1269 1652 1399 1745 prinoi-

331 1765 428 1862 pium
443 1764 648 1860 simpliciter
659 1764 810 1859 primum
816 1786 827 1854 3
848 1786 929 1857 ergo
945 1763 1056 1835 forma
1071 1787 1140 1836 non
1153 1773 1206 1838 est
1217 1766 1398 1860 primaeva,

331 1881 392 1956 sed
417 1882 528 1954 vitam
552 1882 756 1979 primaevam
778 1887 918 1952 tantum
941 1879 1126 1972 modificat,
1145 1905 1204 1954 seu
1224 1891 1278 1955 est
1297 1884 1401 1957 «vita

331 1997 543 2069 modificans.
562 2022 580 2064 a
597 1995 726 2086 XVIH,
745 1996 860 2067 tall.

376 2110 552 2183 Postremo
576 2109 714 2182 udatur
734 2115 849 2182 motus
872 2108 1068 2201 generalior
1092 2111 1216 2205 quavis
1238 2110 1397 2184 forma.»

330 2226 404 2300 Imo
423 2254 440 2292 a
458 2225 526 2298 duo
541 2223 724 2298 minimdm
741 2231 824 2298 sunt
843 2223 998 2297 omnium
1010 2248 1190 2322 eorporum
1210 2233 1325 2298 motus
1339 2247 1400 2320 ge-

332 2339 555 2428 neralissimi,
575 2364 593 2406 a
613 2353 761 2435 quorum
776 2346 901 2412 neuter
914 2362 935 2411 a
949 2338 1061 2411 forma
1073 2339 1258 2434 provenire
1270 2345 1398 2435 potest.

334 2452 466 2524 «Prior
482 2451 688 2548 simpliciter
704 2452 985 2547 generalissimus
1006 2460 1070 2544 est,
1086 2459 1122 2526 et
1140 2453 1343 2527 extenditur
1356 2452 1401 2525 ad

333 2590 452 2640 omnes
465 2566 678 2640 substantias
697 2573 843 2654 areatas,
869 2565 943 2640 sive
957 2566 1166 2650 materiales,
1181 2567 1256 2641 sive
1275 2566 1400 2639 imma-

331 2682 482 2755 teriales.
513 2681 783 2753 Aoeuratissime
810 2682 854 2753 ab
880 2673 1158 2774 ingeniosissimo
1186 2681 1399 2755 Vioeoomite

331 2796 544 2887 Verulamio,
560 2796 586 2868 l.
606 2795 641 2869 2.
664 2795 755 2869 Novi
775 2794 910 2890 organi,
929 2817 1004 2889 cap.
1035 2796 1091 2887 48,
1115 2795 1255 2869 nomine
1283 2803 1400 2869 motus

331 2908 529 3003 Antitypiae
545 2907 746 3002 depingitur
761 2911 793 2998 ¹3
809 2907 918 2981 sedin
937 2907 1058 2980 ordine
1071 2916 1210 2981 tantum
1228 2910 1273 2982 ad
1286 2917 1398 2983 mate-

331 3023 444 3096 rialia.
460 3023 592 3096 Verum
604 3047 673 3096 non
688 3030 827 3095 tantum
841 3046 983 3120 corpora
995 3025 1055 3097 sed
1070 3033 1106 3098 et
1115 3025 1276 3120 Spiritus,
1289 3027 1399 3100 relue-

331 3145 454 3210 tantur
467 3136 727 3225 annihilationi,
744 3147 780 3210 et
803 3161 900 3210 suam
917 3138 1100 3212 entitatem
1117 3147 1283 3235 perpetuo
1305 3141 1398 3213 tueri

332 3255 508 3346 nituntur,
521 3261 558 3327 et
574 3261 654 3326 aotu
670 3253 810 3349 quidem
825 3277 862 3327 se
876 3261 1064 3328 tuentur...
1080 3255 1266 3343 Posterior,
1282 3265 1398 3329 motus
1481 3243 1483 3246 ⁵

332 3368 503 3463 generalis
526 3367 608 3440 solis
626 3367 865 3441 materialibus
891 3369 1145 3463 appropriatur,
1163 3378 1199 3442 et
1213 3377 1267 3442 est
1283 3378 1398 3443 motus

331 3480 535 3556 mutationis
563 3480 776 3563 formarum;
810 3481 910 3575 eujus
934 3482 1143 3577 prinoipium
1177 3484 1300 3579 nequit
1323 3508 1398 3559 esse

330 3598 404 3670 ulla
417 3596 529 3669 forma
543 3597 581 3667 in
596 3595 724 3690 speeie,
740 3601 783 3666 ut
802 3618 865 3689 per
878 3618 915 3668 se
934 3603 1056 3668 notum
1078 3603 1143 3688 est,
1162 3596 1334 3691 siquidem
1353 3599 1398 3669 ad

331 3735 450 3786 omnes
471 3709 687 3802 extenditur,
709 3716 746 3783 et
772 3708 934 3783 omnibus
958 3711 1135 3808 antiquior
1158 3719 1223 3803 est,
1250 3734 1329 3784 oum
1350 3711 1398 3784 sit

329 3834 444 3900 motus
461 3826 506 3898 ad
521 3823 680 3897 formam.
703 3822 791 3897 (lum
803 3846 884 3920 ergo
900 3823 937 3896 hi
953 3822 1021 3896 duo
1036 3831 1150 3898 motus
1165 3826 1397 3919 generaliores

330 3950 366 4015 et
379 3940 510 4035 priores
526 3939 598 4012 sint
612 3938 773 4011 omnibus
785 3936 918 4028 formis,
936 3936 1013 4011 fieri
1035 3940 1159 4035 nequit
1173 3947 1214 4012 ut
1235 3941 1308 4012 ulla
1324 3941 1396 4012 for-

328 4078 386 4127 ma
413 4053 460 4126 sit
487 4053 664 4127 internum
690 4076 810 4151 eorum
828 4051 1050 4147 principium.
1069 4081 1086 4118 »
1187 4052 1319 4144 XVIII,
1340 4053 1394 4126 18.

365 4302 373 4336 ⁴
392 4303 431 4354 ct.
444 4302 528 4354 Leito.
541 4305 576 4354 Da
592 4304 656 4353 Vero
670 4303 790 4364 lletltodo,
801 4303 894 4362 Eadm,
907 4318 932 4368 p.
945 4303 996 4365 111,
1009 4304 1055 4356 ool.
1070 4305 1089 4358 1.
