3156 5232
774 643 954 706 -lnl-

334 772 436 844 ambo
458 773 631 866 legerunt,
651 796 752 867 quem
777 775 886 846 vitam
912 781 1050 846 naturae
1069 775 1157 847 bene
1171 775 1397 867 perspexisse,

334 887 396 958 sed
425 909 604 981 perperam
629 888 768 959 cuidam
793 888 916 960 mundi
946 886 1085 960 Animae
1115 886 1300 978 tribuisse,
1330 913 1400 962 uno

333 1001 449 1072 animo
470 999 695 1095 profitentur;
712 1005 812 1075 ambo
835 1003 1073 1090 Aristotelem,
1090 1025 1193 1096 quem
1212 1010 1398 1096 aequatum

281 1150 283 1154 ·
333 1122 540 1207 sequuntur,
559 1124 634 1189 tum
651 1115 841 1211 corrigunt,
859 1118 956 1211 cujus
970 1131 1036 1203 ὓλην
1049 1142 1089 1190 11
1109 1130 1228 1210 δύναμιν,
1242 1153 1345 1203 arrasa
1364 1125 1400 1190 et

333 1239 419 1322 ἀρχὴν
444 1241 582 1321 κινήσεως,
604 1233 683 1323 εἶδος,
703 1243 788 1323 τέλος,
814 1243 954 1324 ἐνέργειαν,
972 1241 1078 1325 abque
1097 1244 1261 1326 ἐντελέχειαν
1279 1233 1399 1304 eodem

332 1335 405 1416 fere
419 1344 521 1418 modo
534 1345 823 1440 interpretantur.
842 1347 974 1420 -Non
992 1348 1118 1418 mirum
1134 1353 1188 1420 est
1212 1355 1399 1440 utrumque

335 1461 565 1534 nominalium
587 1463 684 1557 sequi
703 1470 831 1558 partes,
855 1485 1000 1556 quorum
1024 1463 1181 1534 doctrina
1203 1469 1288 1534 tunc
1307 1469 1397 1533 tem·

332 1575 426 1668 poris
446 1578 483 1648 in
502 1577 628 1650 scholis
651 1577 799 1671 vigeret.
821 1620 863 1630 -
878 1577 923 1650 D.
943 1578 1086 1649 Thomas
1111 1581 1245 1649 Samma
1269 1575 1398 1672 pariter

332 1692 510 1781 innutriti,
527 1691 743 1786 illiusquam
763 1692 914 1786 plurima
931 1693 1104 1778 retinent3
1129 1694 1190 1764 sed
1206 1691 1299 1764 Scoti
1320 1713 1403 1784 quo-

334 1829 401 1900 que
425 1807 621 1879 doctrinam
649 1829 790 1896 novere,
831 1829 953 1901 eaque,
984 1807 1068 1878 licet
1101 1807 1248 1878 fortasse
1284 1805 1400 1894 inscii,

333 1928 505 2011 utuntur3
524 1943 744 2014 quemnemo
769 1921 908 2013 ignorat
922 1921 1072 2013 primum
1095 1920 1249 1992 omnium
1269 1919 1404 1992 Aristo·

333 2034 414 2126 telis
432 2057 473 2106 ac
490 2032 534 2104 D.
551 2032 698 2104 Thomas
712 2035 754 2105 de
770 2040 897 2105 natura
912 2032 1119 2106 substantiae
1141 2033 1350 2106 sententiam
1365 2033 1403 2104 in

317 2141 458 2219 ¹melius
475 2147 678 2236 mutavisse,
702 2153 849 2238 formam
870 2147 1002 2218 scilicet
1021 2147 1125 2219 aliter
1149 2147 1365 2220 intellexisse
1378 2151 1401 2237 ¹,

333 2269 388 2349 et,
423 2284 529 2354 quum
562 2275 722 2333 naturam
751 2262 975 2349 describeret,
1002 2261 1141 2351 virtuti,
1166 2285 1228 2334 seu
1262 2261 1400 2355 proprie

333 2373 439 2447 dictae
452 2385 582 2468 ἐνέργεια,
599 2377 709 2448 multo
721 2378 800 2470 plus
814 2400 917 2470 quam
930 2377 1080 2468 passivae
1094 2376 1269 2470 inertique
1283 2398 1400 2448 essen·
1472 2463 1475 2469 Ι

330 2487 393 2558 tiae
409 2487 586 2561 tribuisse.
604 2489 692 2572 Quae
704 2490 880 2582 cogitandi
891 2491 991 2578 ratic,
1000 2490 1038 2561 in
1051 2489 1163 2581 majus
1177 2497 1293 2578 aucta,
1306 2489 1398 2583 apud

333 2602 549 2676 doctissimos
566 2627 720 2699 quosque
732 2605 825 2678 viros
845 2609 962 2678 valere
979 2614 1143 2701 coeperat,
1158 2629 1226 2700 quo
1246 2613 1400 2698 tempore

330 2717 489 2791 liberales
512 2726 604 2790 artes
619 2725 752 2791 renatae
768 2743 841 2792 esse
861 2721 968 2812 vulgo
985 2720 1162 2791 dicuntur.
1180 2721 1256 2792 Hoc
1270 2720 1398 2812 ipsum,

329 2857 366 2906 v.
388 2857 437 2928 g.,
454 2835 493 2906 in
514 2833 652 2906 Galilaei
676 2834 821 2928 physica
834 2835 1047 2929 praecipuum
1066 2833 1173 2906 fuisse
1197 2834 1309 2924 aiunt,
1327 2835 1399 2906 vim

331 2950 434 3020 rebus
447 2951 490 3020 ab
504 2948 640 3042 origine
655 2948 805 3019 inditam
820 2972 907 3038 esse,
922 2971 1002 3044 quae
1015 2955 1133 3020 tamen
1150 2949 1244 3020 nihil.
1254 2971 1400 3042 usquam

333 3062 401 3134 nisi
420 3085 482 3156 per
505 3069 616 3134 certas
638 3070 857 3156 aeternasque
883 3072 996 3133 motus
1013 3062 1106 3153 leges
1121 3059 1262 3134 efficiat.-
1279 3061 1399 3134 (larte-

333 3177 406 3248 sius
430 3184 545 3250 autem
572 3183 701 3266 noster,
723 3177 807 3269 quid
829 3176 925 3248 aliud
946 3199 1050 3269 quam
1072 3175 1164 3247 idem
1187 3175 1276 3247 illud
1303 3177 1400 3248 theo·

333 3311 439 3377 rema,
455 3297 497 3360 ut
510 3287 795 3360 mathematicum
807 3289 964 3376 decebat,
978 3288 1088 3380 magis
1103 3310 1143 3359 ac
1156 3287 1267 3382 magis
1283 3287 1396 3384 expli-

333 3403 440 3493 cavit,
469 3410 574 3497 atque
592 3403 709 3473 omnia
730 3424 837 3488 mero,
862 3408 904 3471 ut
925 3401 1038 3489 aiunt,
1071 3431 1087 3468 ι(
1113 3402 1347 3474 mechanismo
1377 3430 1393 3468 a

331 3515 505 3609 subjecit?
519 3515 618 3602 Quod
635 3517 679 3586 ad
698 3515 888 3586 Baconium
905 3515 1154 3604 attinet,illum
1169 3515 1255 3587 satis
1269 3516 1397 3588 scimus

330 3653 439 3726 panca
458 3629 598 3725 quidem
613 3630 656 3701 de
670 3651 732 3700 suo
747 3628 976 3724 philosophiae
991 3629 1190 3718 contulisse,
1208 3631 1267 3702 sed
1281 3652 1399 3702 recen-

331 3745 462 3816 tiorum
478 3743 715 3816 doctrinarum
729 3765 771 3814 ac
788 3741 944 3837 physicae
955 3743 1148 3835 praesertim
1162 3743 1399 3838 indagationis

333 3860 511 3955 egregium
523 3859 643 3947 tuisse,
658 3865 701 3930 ut
717 3856 791 3951 ipse
806 3857 870 3938 ait,
896 3886 913 3924 (ι
929 3857 1195 3929 buccinatorem.
1214 3888 1232 3923 »
1245 3900 1289 3912 -
1304 3859 1399 3945 Quo-

331 3999 408 4048 rum
422 3972 574 4047 omnium
593 3973 721 4066 scripta
732 3971 871 4066 penitus
885 3972 1195 4064 exploraverantet
1204 3971 1400 4046 Glissonius

333 4095 369 4161 et
386 4086 595 4173 Leibnitius,
611 4109 720 4181 eaque
731 4108 792 4157 seu
809 4087 1042 4177 comprobare,
1055 4107 1116 4155 seu
1128 4087 1324 4174 emendare,
1338 4111 1399 4160 seu

363 4332 371 4368 ⁴
390 4332 420 4383 V.
435 4331 506 4384 rrae.
517 4331 605 4393 llario,
618 4331 796 4382 mariamne
807 4327 1004 4393 deplu'losopha‘e
1017 4335 1039 4378 11
1052 4329 1082 4379 dr
1092 4327 1213 4392 satrapa
1224 4330 1395 4393 scolasticam.
