3196 5228
614 557 773 619 ...55-

677 877 711 940 Β
832 911 835 918 .

201 1141 258 1212 Ad
274 1142 350 1212 haec
370 1146 500 1234 septem
517 1141 631 1234 capita
651 1137 824 1228 venimuS,
852 1159 930 1230 quae
944 1159 1058 1208 rerum
1074 1142 1233 1208 tenorem

159 1256 259 1349 quasi
275 1255 529 1348 interrumpere
548 1254 623 1348 ipse
638 1259 760 1322 auctor
778 1273 878 1344 paene
896 1250 1041 1339 fatetur,
1070 1271 1231 1344 quaeque,

158 1371 189 1442 si
212 1370 329 1441 minus
350 1368 560 1464 placuerint,
581 1365 758 1438 transilire
783 1365 948 1437 lectorem
974 1364 1070 1435 sinit.
1097 1365 1174 1436 Non
1193 1386 1233 1434 ea

157 1493 276 1556 tamen
298 1483 385 1555 mihi
406 1483 546 1554 omnino
569 1479 872 1576 praetermittenda
890 1469 1067 1564 uidentur,
1090 1477 1127 1547 in
1155 1477 1233 1570 qui-

157 1599 222 1668 bus
239 1595 306 1668 etsi
320 1621 443 1690 pauca,
456 1619 526 1666 non
541 1602 660 1665 tamen
673 1594 770 1664 nulla
783 1591 827 1663 ad
844 1598 1002 1662 nostrum
1018 1591 1233 1684 propositum

158 1717 329 1804 spectant.
356 1709 413 1780 Sic
429 1709 522 1780 enirn
540 1707 698 1779 instituti
723 1705 776 1777 sui
797 1705 967 1776 rationem
997 1705 1114 1776 reddit
1139 1701 1232 1776 Glis-

158 1825 288 1912 soniuS,
306 1847 371 1895 nec
388 1847 458 1894 non
481 1852 496 1888 o
514 1821 558 1892 iis
575 1821 701 1915 quibus
714 1818 817 1890 uacat
833 1823 849 1886 >5
869 1819 993 1890 suadet
1008 1825 1049 1889 ut
1061 1817 1178 1889 omnia
1192 1841 1231 1889 eo

157 1919 280 2009 ordine
299 1961 367 2032 quo
383 1938 520 2030 digesta
538 1943 620 2007 sunt
634 1937 829 2028 perlegant.

199 2050 405 2146 Exspectari
426 2049 565 2144 quidem
591 2071 611 2120 a
632 2071 668 2120 se
683 2071 753 2119 non
768 2047 909 2140 ignorat
924 2056 977 2138 ut,
994 2055 1121 2118 natura
1137 2049 1233 2119 subs-

157 2163 283 2236 tantiae
297 2163 553 2235 fundamentali
567 2164 644 2234 fuse
659 2161 832 2256 descripta
854 2169 890 2233 et
911 2185 932 2232 a
953 2162 1232 2256 suppositalitate

156 2279 408 2366 discriminata,
420 2277 495 2370 jam
516 2279 665 2350 alterum
682 2283 819 2347 naturae
843 2271 1083 2348 substantialis
1096 2276 1231 2347 inadae·

156 2397 301 2486 quatum
316 2399 533 2484 conceptum,
556 2374 879 2463 naturam‘scilioet
894 2389 1140 2483 energeticam,
1160 2396 1231 2460 sta-

155 2504 219 2576 tim
229 2507 491 2599 complectatur.
504 2504 741 2576 Nihilominus
752 2510 884 2594 tamen,
897 2511 1001 2576 antea
1012 2503 1078 2574 sibi
1096 2504 1139 2575 de
1156 2527 1230 2576 ma-

156 2621 245 2690 teria
266 2625 301 2690 et
325 2617 436 2690 forma
456 2618 631 2690 materiali
660 2617 901 2690 disserendum
927 2641 1001 2690 esse
1025 2618 1228 2690 arbitratur.

159 2761 176 2800 (ι
193 2733 322 2821 Primo,
343 2741 469 2804 natura
488 2733 563 2804 haec
578 2755 682 2826 quam
695 2755 778 2826 paro
795 2733 957 2818 enodare,
969 2733 1065 2802 haud
1080 2732 1231 2803 multum

156 2845 370 2918 difficultatis
380 2854 539 2940 respectu
552 2847 827 2918 substantiarum
844 2844 1079 2939 spiritualium
1092 2844 1231 2940 (quibus

156 2983 273 3032 omnes
287 2983 357 3032 uno
372 2985 430 3032 ore
448 2984 516 3032 non
534 2960 647 3031 solum
660 2960 930 3054 perceptionem,
948 2960 1058 3031 sedet
1074 2959 1231 3031 intellec-

155 3082 231 3144 tum
248 3074 476 3163 adscribunt),
502 3096 574 3166 prae
596 3095 632 3144 se
655 3073 748 3144 lert:
772 3079 809 3143 at
830 3096 912 3144 vero
933 3080 1092 3167 respectu
1115 3096 1232 3144 rerum

155 3186 388 3259 materialium
404 3212 459 3259 res
474 3189 583 3258 ardua
597 3194 632 3256 et
650 3189 815 3280 perplexa
832 3193 895 3258 est.
916 3187 1044 3259 Omnes
1062 3185 1156 3259 enim
1171 3187 1232 3280 qui

156 3302 199 3373 de
218 3311 356 3374 naturae
369 3303 592 3395 perceptione
607 3303 833 3394 scripserunt,
848 3303 905 3372 vel
919 3304 1109 3373 eamrebus
1125 3308 1233 3372 mate-

155 3417 302 3488 rialibus
319 3425 506 3510 negarunt,
588 3417 647 3488 vel
667 3440 744 3487 cum
771 3439 874 3488 sensu
893 3414 1046 3508 turpiter
1068 3416 1234 3487 confude-

155 3536 250 3602 runt.
280 3530 644 3603 Platonicividentur
668 3529 827 3601 omnibus
850 3533 953 3602 rebus
974 3529 1232 3624 perceptionem

156 3645 344 3737 quamdam
355 3644 533 3727 tribuisse,
546 3651 581 3714 et
591 3645 627 3714 in
639 3643 733 3715 hunc
746 3645 852 3715 finem
862 3644 1098 3714 universalem
1112 3666 1234 3737 quam-

155 3757 236 3828 dam
251 3759 374 3829 mundi
390 3757 542 3829 animam
562 3758 789 3850 excogitasse.
814 3757 891 3829 Hoc
914 3757 1006 3829 enim
1024 3756 1232 3852 praejudicio

155 3871 321 3941 occaecati
345 3870 524 3960 videntur,
541 3871 737 3943 materialia
750 3871 840 3942 nihil
855 3873 1041 3966 quicquam
1056 3875 1233 3968 percipere

154 4007 267 4078 posse.
282 3983 311 4053 Ε
325 3991 458 4071 contra,
477 3984 701 4076 Campanella
714 3986 791 4078 plus
805 4007 909 4079 quam
925 3987 1052 4056 vellem
1067 3987 1236 4056 materia-¹

155 4099 250 4168 libus
267 4097 483 4186 inanimatis,
505 4099 615 4192 ipsam
635 4121 759 4192 nempe
782 4101 1028 4189 sensationem,
1054 4098 1231 4171 attribuit.

160 4208 327 4295 Quamvis
341 4210 451 4303 igitur
467 4212 724 4306 perceptionem
744 4214 940 4285 naturalem
963 4205 1170 4284 substantiae
1195 4213 1233 4283 in
