3156 5232
745 676 926 738 -100-

301 811 454 876 dimenso.
471 827 487 869 a
503 803 570 876 Sed
582 831 598 869 s
612 825 793 876 removens
806 803 1055 897 impedimenta
1070 824 1140 874 non
1155 808 1208 875 est
1220 798 1360 895 proprie

300 917 454 991 efficiens
472 939 587 1007 causa,
603 923 639 988 et
654 917 699 987 ad
714 939 887 989 summum
899 925 953 990 est
968 903 1080 989 solum
1096 915 1284 988 oausasine
1294 936 1364 1007 qua

299 1057 383 1125 non,
406 1056 541 1129 quaere
563 1031 639 1127 ipsa
658 1055 728 1106 non
754 1043 807 1106 est
830 1055 945 1106 causa.
968 1060 986 1100 a
1010 1033 1111 1115 Nam,
1137 1060 1155 1098 «
1181 1031 1212 1104 si
1234 1029 1365 1103 animal

298 1146 558 1239 constringatur
580 1145 790 1239 quadrupes
817 1144 878 1240 qui
906 1145 1012 1217 solvit
1035 1144 1189 1232 vincula,
1221 1142 1366 1216 animali

300 1260 496 1332 libertatem
519 1259 720 1332 ambulandi
738 1259 906 1332 restituit.
930 1258 1110 1349 Similiter,
1136 1259 1167 1332 si
1183 1258 1366 1352 plumbum

299 1371 357 1444 filo
375 1371 619 1467 suspendatur,
635 1391 795 1445 resecans
819 1370 917 1444 filum
932 1373 994 1443 dat
1012 1372 1268 1465 eidem[copiam
1287 1372 1366 1444 des·

300 1486 470 1558 condendi
481 1489 506 1557 ¹.
525 1486 696 1559 Verum...
714 1486 744 1558 si
756 1485 884 1557 animal
901 1485 1126 1559 constrictum
1135 1484 1367 1580 paralyticum

300 1599 359 1690 sit,
384 1601 507 1674 solutis
530 1601 614 1674 licet
634 1600 796 1690 vinculis,
813 1601 922 1674 nihilo
941 1601 1051 1694 magis
1068 1607 1269 1674 movetur...
1285 1599 1367 1672 Pari

301 1716 416 1805 modo,
432 1716 462 1786 si
481 1714 519 1786 in
534 1715 676 1808 plumbo
690 1714 788 1786 naula
809 1719 899 1786 esset
917 1713 1133 1807 propensitas
1157 1715 1202 1785 ad
1223 1714 1367 1786 descen-

300 1828 465 1916 dendum,
475 1834 606 1901 resecto
622 1827 707 1900 licet
721 1826 792 1911 filo,
812 1850 882 1900 non
898 1827 1163 1900 descenderet...
1175 1826 1268 1914 Quid
1275 1824 1368 1921 quod

300 1965 551 2037 nonnunquam
565 1964 673 2035 grave
691 1964 753 2014 suc
774 1948 885 2013 marte
909 1964 947 2015 se
970 1940 1128 2014 vindicet
1150 1942 1194 2013 ab
1217 1939 1366 2035 impedi·

300 2064 459 2129 mento...
477 2087 490 2120 a
518 2056 647 2141 XXIV,
662 2056 696 2128 9.

345 2165 438 2254 Quid
453 2171 592 2242 demum
608 2169 794 2241 dicendum
813 2177 867 2242 est
885 2169 929 2241 de
942 2169 1130 2243 Axiomate
1153 2168 1366 2256 Aristotelis,

303 2289 461 2373 Quicquid
476 2297 799 2368 moveturmouetur
814 2288 856 2354 ot
872 2289 937 2355 alio
952 2293 968 2354 ?
982 2313 999 2350 (ε
1015 2283 1186 2358 Existimo
1200 2283 1368 2377 restringi

300 2397 425 2472 debere
441 2396 580 2468 adeum
596 2404 729 2469 motum
754 2420 822 2491 quo
848 2398 1023 2491 appetitus
1042 2396 1198 2492 cujusvis
1216 2397 1368 2492 corporis

301 2534 371 2583 non
395 2510 485 2583 nihil
502 2511 709 2605 infringitur
722 2533 785 2584 seu
803 2512 950 2605 cogitur.
968 2541 987 2578 2>
1011 2514 1219 2586 Aristoteles
1234 2521 1369 2584 motum

300 2626 495 2698 violentum
503 2623 896 2719 nominat...Dequ0vis
907 2633 1005 2698 motu
1017 2625 1170 2700 violento
1180 2626 1210 2699 si
1218 2625 1369 2700 Axicma

298 2736 530 2832 intelligatur,
559 2739 778 2811 verissimum
802 2745 891 2810 est:
925 2740 1090 2834 quicquid
1122 2739 1279 2834 pulsione
1307 2745 1369 2811 aut

299 2854 532 2945 protrusione,
548 2875 611 2926 seu
632 2851 801 2946 quioquid
818 2853 1002 2942 violenter,
1018 2862 1191 2944 movetur,
1207 2862 1370 2928 movetur

302 2969 346 3040 ab
360 2967 440 3040 alio.
457 2967 586 3039 Eodem
606 2988 744 3060 qnoque
758 2988 862 3037 sensu
875 2989 958 3037 vera
969 2975 1052 3038 sunt
1070 2969 1141 3040 alia
1154 2968 1249 3041 dicta
1264 2991 1369 3063 supra

300 3082 471 3156 recitata:
488 3080 578 3152 nihil
593 3102 696 3174 agere
710 3079 748 3151 in
763 3102 800 3152 se
811 3079 937 3175 ipsum,
950 3080 1015 3152 hoc
1028 3088 1092 3171 est,
1108 3081 1198 3153 nihil
1214 3081 1369 3154 sibimet-

300 3197 367 3291 ipsi
386 3195 459 3268 vim
484 3194 639 3268 inferre:
666 3194 763 3268 Nihil
788 3196 862 3288 pati
885 3218 907 3265 a
932 3218 967 3267 se
994 3199 1089 3290 ipso;
1117 3219 1253 3292 nempe,
1279 3196 1369 3268 nihil

300 3312 445 3404 perdere
471 3309 636 3404 seipsum,
658 3315 721 3380 aut
740 3307 806 3380 sibi
831 3330 966 3399 nocere,
994 3318 1136 3396 etc...»¹
1152 3311 1282 3402 XXIV,
1312 3309 1366 3382 10.

344 3425 386 3496 In
398 3423 582 3497 clarissimi
593 3430 711 3494 autem
725 3422 796 3493 Des
810 3420 930 3495 Cartes
945 3424 1205 3514 assertionibus,
1217 3448 1296 3520 quae
1308 3447 1367 3496 su·

299 3547 444 3633 persunt
456 3537 707 3632 expendendae,
717 3537 865 3609 recurrit
881 3537 973 3610 idem
988 3539 1155 3632 rejectum
1169 3538 1370 3612 Aristotelis

301 3653 450 3724 axioma.
480 3681 495 3718 a
517 3651 553 3723 Si
574 3652 668 3722 enim
690 3654 845 3739 quioquid
864 3656 1009 3740 quiesctt,
1024 3667 1184 3744 perpetuo
1211 3658 1345 3745 quiescit
1355 3684 1369 3738 ,·

301 3775 337 3838 et
363 3769 517 3855 quicquid
552 3778 714 3848 movetur,
725 3778 896 3865 perpetuo
922 3780 1083 3850 movetur,
1106 3767 1196 3839 nihil
1214 3790 1369 3862 unquam

301 3878 345 3951 de
378 3901 415 3952 se
457 3886 640 3951 veternum
670 3877 797 3971 quietis
827 3881 933 3950 semel
969 3881 1174 3974 impressum
1210 3883 1369 3966 excutit;

301 3993 391 4064 nihil
431 4000 563 4064 motum
601 3991 752 4086 aliquem
790 3990 835 4064 de
872 4015 962 4065 novo
1003 3995 1127 4090 incipit
1134 4019 1146 4087 3
1179 4025 1197 4063 »
1238 3997 1371 4069 scilicet

332 4194 340 4229 ⁴
360 4193 443 4244 Leihn.
456 4194 491 4244 ne
503 4191 583 4257 prim.
597 4190 696 4241 Pholoe.
709 4189 847 4248 snsmdos..
860 4191 953 4256 Ermd„
970 4209 993 4260 p.
1008 4195 1060 4258 122,
1074 4195 1121 4248 ccl.
1131 4196 1146 4248 2
1157 4209 1165 4248 s
1176 4210 1192 4250 o
1204 4198 1273 4260 Quod
1286 4213 1369 4249 exem·

301 4274 345 4338 plis
361 4273 441 4336 gravis
458 4271 567 4336 suspensi
585 4271 667 4322 irenem
683 4270 841 4322 sustinentem
857 4272 1012 4334 intendentis,
1024 4283 1066 4328 aus
1082 4293 1154 4332 arcus
1169 4281 1243 4339 tensi.
1256 4279 1369 4331 illustrari

302 4358 388 4418 potest.
399 4368 414 4402 u
