3196 5228
639 541 799 602 ..31...

184 670 261 761 riae,
272 672 437 766 gradibus
449 669 692 744 essentialibus
701 673 868 758 exaltata,
888 678 1083 764 emergunt,
1096 670 1254 746 demons-

183 792 335 857 trarunt.

230 928 248 965 «
268 901 366 993 Agit,
380 905 561 994 praeterea,
578 897 621 972 de
634 899 754 994 primis
769 899 855 971 vitae
871 899 1062 972 materialis
1076 897 1253 973 facultati·

185 1015 262 1102 bus,
279 1013 491 1108 perceptiva,
507 1012 700 1106 appetitiva
720 1021 756 1086 et
773 1013 917 1103 motiva,
933 1035 1121 1108 earumque
1135 1037 1255 1108 opera-

186 1127 356 1201 tionibus.
373 1155 390 1196 v

229 1241 326 1331 Mox,
343 1264 509 1314 converso
531 1247 577 1313 cd
593 1248 759 1313 tectorem
773 1263 941 1324 sermone,
958 1240 1071 1336 aperit
1093 1269 1109 1308 v
1128 1241 1255 1337 quibus

185 1355 350 1448 auspiciis
366 1355 403 1426 in
416 1355 508 1427 hanc
524 1356 567 1429 de
595 1361 665 1429 Vita
683 1371 817 1428 actara
834 1355 1045 1428 sententiam
1061 1355 1248 1428 devenit.»

185 1467 262 1539 Hoc
274 1490 357 1540 vero
368 1470 443 1540 loco
455 1467 493 1539 id
507 1469 641 1542 omittit
655 1469 781 1558 dicere,
799 1469 893 1562 quod
905 1468 948 1539 ab
958 1467 1032 1564 ipso
1042 1476 1160 1542 tamen
1172 1468 1255 1541 alibi

187 1577 372 1652 didicimus
392 1583 417 1669 ¹,
438 1603 486 1665 se,
502 1604 610 1675 quum
622 1579 834 1652 anatomicos
851 1580 1060 1675 quaestiones
1074 1586 1252 1660 tractaret,

184 1715 372 1787 quumque
387 1693 495 1766 etiam
506 1695 544 1766 in
555 1717 594 1767 eo
605 1700 698 1767 esset
710 1701 750 1764 ut
764 1716 866 1764 suum
882 1698 920 1764 de
942 1698 1078 1766 Venerio.
1099 1707 1129 1764 et
1143 1699 1252 1766 latest.

185 1807 314 1879 librum
343 1809 473 1899 ederet,
497 1817 583 1882 tunc
609 1808 899 1881 animadvertisse
923 1838 940 1877 a
971 1831 1051 1880 eum
1076 1808 1197 1881 multis
1218 1809 1255 1881 in

183 1921 268 1991 locis
283 1945 562 2018 praesupponere,
590 1924 802 2018 (quanquam
817 1922 856 1994 in
875 1923 996 1994 multis
1021 1945 1158 2018 quoque
1177 1947 1253 2014 pro·
1364 2017 1366 2022 Ι

182 2035 277 2125 bare)
292 2038 490 2130 generalem
501 2045 638 2109 naturae
653 2035 922 2130 perceptionem,
939 2037 982 2108 de
993 2059 1062 2130 qua
1075 2037 1118 2107 in·
1127 2059 1254 2130 genere

182 2147 274 2220 nihil
305 2149 403 2221 aliud
439 2150 606 2245 scriptum
641 2152 815 2236 exstabat,
841 2179 856 2216 v
893 2149 1041 2245 ideoque
1072 2150 1254 2221 consilium

182 2261 304 2335 iniisse
329 2264 438 2335 alium
464 2271 665 2353 tractatum,
693 2264 747 2335 illi
774 2293 791 2329 «
809 2253 1079 2359 prodromum»
1106 2265 1148 2335 de
1181 2264 1255 2334 vita

187 2376 580 2450 naturaeconcinnandi.

229 2489 265 2560 Si
288 2513 397 2562 unum
421 2491 515 2564 hunc
534 2499 722 2564 tractatum
751 2493 877 2580 volvis,
905 2514 926 2562 a
953 2492 1066 2584 logica
1092 2479 1256 2563 observa·

182 2603 290 2694 tione,
303 2611 340 2676 et
355 2628 396 2677 ea
413 2607 554 2700 quidem
568 2607 759 2700 aptissima,
772 2604 914 2676 initium
931 2603 1254 2676 ducitGlissonius:

185 2749 198 2782 ιι
218 2719 333 2790 Multa
355 2719 438 2790 olim
461 2743 596 2793 mecum
619 2728 785 2814 reputans
810 2721 853 2792 de
878 2719 979 2790 modo
1004 2717 1255 2791 intellectionis

185 2834 360 2923 humanae,
381 2835 485 2909 facile
503 2837 646 2908 adverto
662 2835 751 2907 nihil
768 2860 789 2907 a
809 2835 910 2908 nobis
928 2834 1032 2906 simul
1049 2840 1208 2907 concrete
1222 2843 1259 2906 et

183 2947 349 3022 distincte
371 2949 563 3045 concipi...
591 2951 627 3022 Si
650 2951 800 3021 velimus
826 2949 992 3020 distincte
1012 2970 1085 3021 rem
1102 2947 1256 3043 aliquam

182 3056 398 3154 dignoscere,
406 3071 542 3157 oportet
550 3061 952 3158 inadaequatosejusdem
960 3070 1146 3156 conceptus
1157 3062 1259 3133 inve·

183 3176 333 3265 ninmus,
350 3184 387 3248 et
401 3186 562 3250 accurate
577 3179 774 3250 abinvicem
789 3177 1021 3270 distingamus
1037 3179 1064 3247 ².
1084 3206 1100 3242 v

229 3291 336 3364 Putat
349 3293 459 3386 igitur
469 3293 506 3365 id
521 3292 635 3387 ipsum
644 3293 878 3388 philosophos,
893 3292 1078 3392 quominus
1094 3300 1256 3364 naturam

184 3407 269 3477 vitae
283 3407 564 3495 substantialem,
580 3407 754 3502 simulque
770 3407 915 3479 vitalem
933 3407 1139 3477 substantiae
1150 3415 1256 3477 natu-

184 3543 257 3592 ram
268 3527 509 3612 agnoscerent,
520 3520 757 3615 impedivisse,
767 3518 859 3613 quod
866 3525 984 3590 mente
998 3517 1136 3614 propria
1151 3526 1257 3612 atque

185 3637 329 3723 onolpsis
344 3633 595 3706 consuetudine
612 3633 759 3728 decepti,
790 3631 945 3703 diversos
973 3639 1143 3703 concretae
1164 3630 1256 3723 ejus-

186 3748 263 3820 dem
284 3745 336 3818 rei
367 3758 553 3842 conceptus
577 3749 724 3820 totidem
741 3770 795 3819 res
816 3748 909 3818 inter
927 3769 964 3818 se
986 3745 1170 3819 distinctas
1183 3770 1257 3819 esse
1287 3727 1291 3742 ⁸

186 3862 479 3936 existimaverint.
518 3863 644 3953 Quare,
671 3862 761 3935 hanc
792 3861 859 3933 sibi
884 3868 1037 3956 spartam
1056 3862 1257 3940 derelictam

185 3983 295 4065 ratus,
319 4004 334 4041 «
354 3975 447 4070 ipsas
469 3977 622 4050 rationes
636 3977 722 4048 vitae
738 3973 974 4070 pervestigare
990 4002 1007 4041 v
1029 3975 1254 4068 aggreditur:

220 4156 227 4189 ¹
249 4159 332 4207 fruct.
344 4158 374 4207 da
388 4158 498 4208 Ventris.
511 4166 532 4208 et
545 4161 633 4215 lum
649 4157 743 4208 trctari
760 4153 887 4210 benevolo,
904 4167 918 4202 n
932 4167 957 4216 p.
976 4152 997 4203 l.

220 4235 233 4270 ²
249 4237 287 4286 Ad
303 4237 459 4301 Lectorem,2
474 4238 494 4288 1.
