3156 5232
620 678 778 741 -97-
857 761 862 768 ι

162 806 294 880 diceret
309 829 388 902 quae
403 830 472 880 non
493 808 634 896 vivunt,
653 807 683 879 si
698 813 919 899 moveantur,
937 810 981 882 ab
994 809 1063 881 alio
1079 810 1224 885 moveri.
1242 861 1245 869 -

163 920 292 994 Verum
306 919 410 1012 hujus
427 943 563 1017 quoque
586 886 789 994 assertiofiis
809 921 927 1016 aliqua
941 923 1031 995 ratio
1056 924 1228 1018 exigenda

161 1033 343 1106 videtur...
372 1033 488 1119 Quum
512 1041 638 1107 natura
663 1035 753 1106 nulli
775 1036 953 1130 supposito
978 1035 1226 1132 perfectionem

162 1147 259 1239 cujus
273 1171 381 1242 capax
396 1156 449 1220 est
460 1149 630 1238 invideat,
643 1148 826 1221 dicendum
841 1149 993 1240 videtur,
1007 1175 1051 1222 ex
1067 1151 1132 1224 hac
1147 1176 1226 1225 sen·

160 1264 286 1352 tentia,
303 1263 547 1335 non-viventia
565 1286 638 1335 esse
653 1263 797 1335 virtutis
812 1263 1015 1359 perficiendi
1032 1288 1081 1357 se,
1098 1273 1135 1339 et
1152 1291 1231 1340 con-

162 1383 347 1472 sequenter
368 1400 405 1450 se
419 1378 596 1468 movendi,
619 1376 809 1472 incapacia.
827 1377 953 1463 Quaero
973 1378 1084 1472 igitur
1102 1380 1229 1472 adhuc,

162 1515 224 1564 cur
254 1491 326 1564 sint
358 1492 549 1587 incapacia.
581 1492 727 1564 Videtur
757 1492 936 1566 insinuare
965 1495 1119 1587 Suarius,
1146 1497 1229 1592 quia

161 1613 272 1679 totam
286 1631 384 1681 suam
400 1607 648 1703 perfectionem
659 1632 680 1678 a
693 1616 882 1701 generante
890 1607 1079 1703 accipiunt,
1089 1618 1125 1684 et
1135 1610 1173 1682 in
1188 1634 1229 1683 eo

160 1721 354 1815 quiescunt.
369 1721 489 1807 Quid?
506 1719 650 1794 Nihilne
663 1723 800 1815 agunt?
814 1721 918 1816 Ergo,
932 1745 1010 1795 cum
1026 1724 1142 1797 omnia
1157 1723 1230 1796 sint

162 1859 236 1908 suae
250 1837 460 1931 operationis
478 1835 603 1928 gratia,
620 1836 752 1909 frustra
780 1844 875 1909 sunt.
903 1836 1040 1926 Fateor,
1058 1837 1088 1908 si
1104 1838 1232 1910 dentur

130 1972 134 1982 ·
162 1973 304 2042 corpora
320 1973 399 2045 qnae
413 1950 501 2022 nihil
517 1956 638 2043 agunt,
654 1971 695 2021 ea
709 1972 783 2022 esse
798 1949 940 2033 frustra,
953 1958 990 2024 et
1005 1952 1080 2022 vita
1094 1959 1230 2024 naturae

161 2065 244 2135 orba
260 2086 268 2134 :
287 2066 340 2134 sin
366 2065 464 2134 nulla
491 2063 718 2136 inveniantur
744 2087 823 2158 quae
850 2063 953 2158 plan'e
985 2064 1171 2158 quiescunt
1195 2073 1232 2137 et

161 2175 272 2247 otiosa
308 2183 402 2266 sunt,
434 2176 539 2248 nullis
566 2185 717 2270 negatur
743 2178 799 2248 vis
824 2176 1027 2271 perficiendi
1049 2200 1099 2261 se,
1123 2177 1231 2249 nullis

160 2297 308 2383 negatur
324 2289 389 2363 hoc
401 2312 511 2382 genus
524 2290 611 2361 vita.
631 2289 747 2374 Dices
757 2289 834 2361 fieri
846 2314 915 2363 non
927 2314 1027 2385 posse
1040 2299 1082 2364 ut
1098 2313 1230 2386 eaquae

162 2425 231 2472 non
244 2401 489 2475 suntanimata
500 2425 536 2475 se
546 2400 739 2497 perficiant.
756 2403 886 2476 Verum
905 2403 942 2474 id
960 2407 1083 2477 saltem
1099 2427 1229 2496 quaero,

162 2540 229 2610 quo
244 2515 374 2589 indicio
387 2517 423 2588 id
437 2516 537 2588 nobis
552 2516 760 2589 innotescat.
783 2517 894 2590 Verbo
914 2517 1054 2590 dicam:
1074 2517 1174 2604 Quod
1193 2541 1230 2589 se

159 2629 307 2723 perficit,
326 2629 574 2725 perfectionem
587 2652 685 2702 suam
701 2630 780 2714 sibi,
797 2639 838 2703 ut
853 2630 959 2704 finem
976 2632 1124 2705 actionis
1141 2656 1227 2722 suae,

161 2766 222 2815 seu
238 2750 280 2815 ut
306 2743 412 2817 finem
436 2745 491 2816 sui
513 2746 610 2818 nisfis
631 2745 795 2818 movendi
824 2771 873 2838 se,
903 2747 1077 2842 proponit.
1099 2747 1229 2819 Nititur

161 2874 241 2945 ergo
256 2873 294 2923 se
304 2850 467 2945 perficere
479 2860 620 2947 propter
632 2852 737 2926 finem
752 2877 760 2925 :
774 2877 855 2948 ergo
870 2855 1116 2949 perfectionem
1130 2877 1229 2926 suam

160 2972 201 3035 ut
218 2964 323 3036 finem
347 2967 497 3060 appetit;
520 2990 601 3060 ergo
625 2968 793 3062 percipit;
820 2992 902 3062 ergo
925 2968 1031 3040 vivit.
1049 2967 1225 3053 Econtra,

161 3081 252 3174 quod
269 3104 338 3152 non
358 3080 450 3151 vivit
464 3104 533 3152 non
554 3083 714 3175 percipit,
740 3106 809 3154 non
831 3083 976 3176 appetit,
1007 3106 1077 3155 non
1101 3082 1228 3154 nititur

161 3196 234 3266 sive
248 3217 284 3267 se
304 3193 380 3266 sive
408 3194 505 3265 aliud
531 3218 671 3268 movere
690 3203 752 3267 aut
765 3194 941 3289 perficere.
974 3197 1081 3270 Recte
1107 3197 1227 3290 itaque

160 3317 295 3381 veteres
322 3309 545 3402 assignarunt
571 3332 710 3381 causam
731 3333 792 3381 cur
811 3310 1061 3382 non-viventia
1091 3334 1128 3383 se
1156 3334 1225 3383 non

159 3429 335 3496 moveant.
356 3421 424 3494 Sed
444 3421 632 3516 quidinde
656 3422 878 3516 colligimus?
904 3422 1063 3494 Profecto
1083 3422 1224 3494 eviden-

157 3537 292 3611 tissime
318 3539 487 3632 sequitur‚
517 3558 558 3609 ea
586 3559 727 3630 quaese
755 3543 910 3627 movent,
934 3537 1067 3610 vivere.
1085 3535 1226 3608 Etenim

158 3661 280 3749 sponte
298 3652 485 3726 nituntur:
504 3673 584 3744 ergo
599 3658 769 3746 appetunt
778 3675 789 3741 ;
806 3675 888 3745 ergo
906 3650 1127 3746 percipiunt3
1143 3672 1226 3744 ergo
1335 3671 1336 3674 ’

158 3770 296 3842 vivunt.
320 3794 338 3836 r>
354 3767 482 3853 XXIV,
501 3767 534 3838 5.

200 3882 429 3978 Metaphysici
446 3888 564 3954 autem
581 3907 599 3946 «ι
618 3880 846 3976 percipientes
861 3882 972 3954 multa
987 3903 1129 3975 corpora
1146 3879 1224 3951 ina-

157 4001 289 4073 nimata
303 4021 340 4071 se
354 3999 470 4092 aliquo
485 3997 587 4067 modo
604 4018 754 4084 movere,
776 4019 840 4067 nec
856 4020 917 4068 suo
944 3995 1125 4068 Axiomati
1140 3991 1224 4065 satis

158 4135 230 4185 esse
245 4111 428 4206 morigera,
451 4109 693 4202 excogitarunt
708 4109 855 4181 formam
869 4108 1033 4204 loquendi
1047 4109 1091 4178 ad
1105 4113 1221 4202 qua'm,

157 4233 323 4321 tanquam
342 4227 387 4297 ad
400 4227 548 4319 asylum,
566 4230 713 4316 urgente
727 4225 851 4317 quavis
865 4225 1082 4303 necessitate.
1104 4242 1222 4292 recur-

157 4347 236 4414 rant
251 4363 259 4412 :
277 4363 419 4434 corpora
431 4337 635 4425 inanimata,
654 4337 682 4407 si
699 4346 915 4428 moveantur,
932 4336 1064 4410 moveri
1079 4359 1100 4405 a
1116 4355 1222 4428 gene-

246 4483 326 4523 annm
345 4484 456 4525 aaaron.
1064 4465 1079 4518 7
