3156 5232
555 625 715 692 ...77-

146 753 324 848 Secundo,
351 758 521 832 naturalis
542 760 717 855 perceptio
738 767 792 833 est
812 757 980 854 simplex,
1005 755 1168 830 animalis

104 871 294 965 composita
323 880 360 945 et
387 873 487 967 quasi
513 874 708 969 duplicata;
736 882 790 948 est
814 874 908 946 enim
937 873 1182 968 perceptionis*

103 988 322 1082 perceptio...
341 988 390 1060 Ec
405 988 498 1062 enim
512 990 606 1083 quod
620 1012 754 1079 carnes,
766 991 989 1077 membranae,
1009 987 1165 1076 nervi,...

104 1103 296 1190 cerebrum,
313 1101 350 1174 in
368 1109 485 1196 aptam
511 1103 696 1197 quamdam
719 1103 914 1175 machinam
935 1123 998 1174 seu
1016 1101 1169 1193 organis

103 1237 199 1285 mum
225 1215 268 1286 ad
295 1216 549 1309 perceptionem
573 1217 817 1310 duplicandam
839 1215 1110 1298 conformentur,
1127 1213 1169 1285 fit

105 1328 271 1401 sensatis.
291 1330 361 1403 Ubi
381 1354 461 1425 ergo
478 1354 605 1404 nervus
630 1331 828 1422 laeditur,...
843 1331 908 1404 etsi
925 1352 1093 1424 organum
1111 1352 1169 1401 ex·
1192 1393 1194 1398 .

102 1449 242 1514 ternum
257 1445 300 1516 ab
316 1443 449 1538 objecto
471 1445 654 1536 afficiatur,
671 1469 740 1518 non
761 1454 879 1518 tamen
901 1446 1040 1518 elicitur
1053 1466 1169 1516 sensa·

104 1557 166 1646 tio,
184 1557 267 1652 quia
283 1581 354 1630 non
368 1559 606 1654 reduplicatur
619 1559 793 1654 perceptio
802 1583 813 1650 ;
833 1560 898 1632 hoc
917 1565 982 1648 est,
999 1581 1167 1653 organum

96 1680 217 1744 totum
239 1693 309 1744 non
328 1673 475 1768 percipit
490 1697 526 1746 se
540 1675 729 1768 percipere.
746 1675 871 1746 'lotum
892 1672 985 1745 enim
1000 1696 1167 1766 organum

107 1785 270 1860 sensibile
305 1787 558 1880 quodammodo
598 1787 808 1881 duplicatur.
848 1787 1002 1860 Externa
1036 1785 1169 1858 fabrica

105 1923 210 1970 unam
239 1908 373 1994 partem
400 1901 551 1993 conficit,
578 1905 755 1976 cerebrum
782 1902 928 1974 alteram
949 1925 957 1973 :
981 1923 1061 1995 quae
1090 1901 1170 1973 duae

107 2022 223 2108 partes
238 2039 347 2089 nervo
366 2018 511 2091 cuilibet
524 2040 653 2110 organo
668 2016 835 2111 peculiari
853 2023 1119 2104 connectuntur,
1134 2025 1171 2088 et

106 2129 282 2222 perceptio
310 2129 348 2200 in
375 2139 519 2203 externo
548 2153 675 2224 organo
704 2129 840 2220 elicita,
871 2130 1048 2202 mediante
1074 2136 1171 2201 motu

2 2297 3 2316 .
108 2241 207 2314 nervi
221 2243 260 2315 in
275 2245 452 2316 cerebrum
476 2243 666 2330 derivatur,
682 2235 743 2316 ubi
759 2267 800 2316 ea
816 2244 943 2316 iterum
968 2244 1170 2338 percipitur,

109 2357 170 2428 hoc
189 2365 244 2430 est
256 2360 449 2430 sentitur...
467 2359 595 2432 Verum
611 2356 758 2451 objectio
774 2359 831 2430 hic
844 2359 996 2430 occurrit
1010 2381 1019 2429 ι
1035 2381 1174 2452 percep-

2 2565 3 2572 *
107 2472 240 2544 tionem
260 2473 456 2546 naturalem
475 2497 544 2545 non
561 2495 634 2545 esse
658 2495 731 2546 suae
753 2471 985 2567 perceptionis
1007 2471 1170 2544 nesciam.

2 2599 3 2624 ³
107 2583 247 2656 Etenim
272 2593 398 2659 natura
419 2587 612 2681 percipiens
636 2588 746 2681 primo
771 2585 918 2682 percipit
938 2609 974 2658 se
995 2586 1119 2681 ipsam,
1137 2592 1173 2658 et

107 2720 187 2770 suas
210 2697 409 2790 facultates
426 2702 710 2795 operationesque
734 2725 866 2791 earum,
890 2723 1036 2794 quarum
1059 2699 1172 2794 prima
1259 2763 1261 2768 .

107 2823 159 2887 est
173 2825 273 2891 actus
291 2818 515 2913 percipiendi.
532 2859 577 2872 -
591 2817 881 2914 Respondendum
892 2824 957 2907 est,
973 2823 1170 2910 perceptam

108 2933 363 3026 perceptionem
387 2933 573 3027 dupliciter
595 2933 664 3005 dioi
682 2955 794 3027 posse,
817 2955 974 3026 «nempe
991 2930 1114 3025 partiri
1132 2931 1169 3002 in
1233 2985 1236 2992 ,

106 3054 302 3140 perceptam
314 3069 374 3140 per
384 3047 542 3120 eumdem
557 3055 673 3122 actum
687 3071 748 3141 per
759 3069 862 3143 quem
874 3045 1047 3138 objectum
1061 3044 1171 3138 primo

107 3165 309 3258 percipitur,
327 3165 385 3236 vel
402 3187 464 3257 per
484 3164 687 3237 distinctum
706 3171 742 3237 et
758 3187 837 3236 oum
854 3170 935 3235 actu
950 3161 1061 3256 primo
1083 3184 1173 3234 com·

108 3278 258 3370 positum
273 3283 298 3350 ¹.
316 3278 435 3350 Priore
458 3279 558 3351 modo
581 3277 755 3373 perceptio
777 3275 949 3349 naturalis
970 3274 1040 3346 dici
1060 3282 1174 3369 potest

107 3413 208 3464 suum
234 3399 351 3465 actum
375 3392 563 3487 percipere,
589 3391 739 3486 simplici
768 3390 896 3484 quippe
919 3388 1170 3483 perceptione:

107 3506 255 3602 percipit
279 3507 373 3580 enim
398 3529 496 3580 suam
520 3505 776 3600 perceptionem
802 3512 843 3575 ut
867 3503 1084 3576 affectionem
1105 3501 1172 3574 sibi

107 3618 349 3711 inhaerentem,
372 3621 491 3692 eadem
514 3620 679 3691 nimirum
700 3618 920 3712 perceptione
944 3639 1012 3711 qua
1035 3639 1071 3689 se
1093 3635 1180 3687 con··

108 3733 309 3828 templatur.
324 3733 518 3808 Posteriora
534 3734 634 3805 modo
651 3755 771 3804 sensus
786 3753 865 3804 suos
878 3737 977 3803 octus
991 3752 1171 3824 recognos-

108 3847 167 3937 cit,
183 3847 361 3942 duplicato
377 3870 501 3943 nempe
515 3859 596 3920 actu
613 3853 668 3918 ¹...
689 3875 704 3913 a
724 3847 816 3938 (XV,
833 3847 882 3936 7.)

111 4027 131 4078 le
143 4031 243 4081 monade
255 4043 268 4081 a
281 4030 324 4081 des
335 4045 440 4096 organas
451 4031 471 4080 ei
483 4029 581 4096 aJ'usrls,
593 4044 639 4094 que
655 4043 699 4092 par
712 4028 763 4078 leur
778 4041 860 4090 moyen
878 4027 893 4076 il
911 4042 925 4090 p
942 4041 955 4076 a
973 4027 1003 4076 du
1021 4025 1127 4079 reliciat
1140 4028 1171 4096 dp

110 4109 230 4174 distingue
243 4113 303 4160 dans
316 4111 350 4162 les
363 4111 559 4176 impressione...
571 4117 617 4162 etc.
630 4124 644 4160 u

142 4190 149 4223 l
168 4191 252 4242 Leibn.
271 4191 405 4253 denudet,
424 4192 480 4243 19...
494 4206 509 4243 a
522 4190 557 4243 Le
574 4191 700 4242 sentiment
713 4194 750 4239 est
769 4187 872 4253 quelque
885 4188 956 4240 chone
973 4190 1002 4241 de
1019 4191 1071 4254 plus
1085 4188 1172 4254 qn'une

18 4259 20 4322 ζ
111 4269 195 4336 simpla
209 4273 407 4337 perception...»
422 4280 468 4324 etc.

19 4341 20 4350 ’
141 4350 152 4384 ²
168 4351 258 4404 Eadem
274 4354 372 4418 questo
389 4354 413 4403 in
432 4353 557 4405 isara-de
573 4359 652 4404 contr.
667 4357 690 4401 et
706 4355 792 4403 intest.
809 4350 896 4400 iterum
909 4355 933 4400 et
951 4350 1026 4402 iusim
1041 4357 1169 4408 tractatur,
