3156 5232
764 563 922 625 ..9ο-

312 696 406 791 plen,
432 717 494 766 seu
517 691 722 786 simpliciter
744 691 928 781 naturalis,
951 690 1179 764 exaltaturin
1194 693 1326 788 plantis
1344 705 1381 772 et

313 809 522 881 animalibus
538 815 574 879 et
588 805 731 878 alterius
752 805 838 877 vitae
863 805 1091 878 associatione
1112 814 1149 878 et
1167 808 1379 884 oonfoedera·

311 925 408 996 tione
422 923 696 1015 locupletatur...
711 919 902 1012 Originalis
917 925 1034 990 autem
1048 919 1124 993 vita
1137 929 1276 996 naturae
1290 947 1381 998 nun·

311 1059 416 1130 quam
445 1032 568 1105 interit
575 1055 586 1122 3
612 1033 683 1103 imo
711 1055 824 1126 neque
848 1038 1018 1105 mutatur.
1043 1074 1088 1088 -
1115 1035 1215 1108 Vires
1240 1044 1379 1114 tantum

310 1150 438 1221 vitales
460 1146 653 1219 admittunt
674 1145 815 1239 gradus,
836 1152 873 1218 et
891 1145 992 1217 modo
1014 1145 1261 1239 intenduntur,
1277 1152 1378 1224 modo

311 1263 581 1336 remittuntur...
595 1261 661 1332 hoo
672 1268 791 1332 tamen
807 1261 858 1332 ita
875 1258 1180 1356 dieitur-respectu
1196 1265 1282 1338 vitae
1298 1289 1381 1359 par·

312 1375 480 1470 tioipatae,
497 1397 576 1469 quae
596 1372 756 1445 consistit
772 1373 810 1445 in
823 1373 953 1446 unione
969 1373 1055 1446 vitae
1076 1375 1256 1451 influentis
1273 1387 1309 1452 et
1325 1379 1379 1450 in·

311 1492 431 1564 sitae...
443 1489 528 1562 Vita
543 1511 626 1560 vero
641 1487 823 1582 primaeva,
839 1509 900 1560 seu
914 1486 1090 1574 inohoata,
1100 1490 1192 1562 basis
1205 1499 1259 1564 est
1268 1493 1381 1586 eujus-

310 1605 366 1676 vis
380 1603 467 1674 vitae
490 1600 736 1692 modificantis,
753 1608 874 1694 estque
897 1599 1126 1675 immutabilis
1146 1610 1183 1676 et
1198 1613 1377 1704 perpetua,

310 1741 375 1791 neo
397 1719 470 1789 ullo
496 1716 597 1788 modo
623 1715 740 1786 differt
761 1738 782 1786 a
801 1722 928 1785 natura
947 1716 1145 1808 energetioa
1174 1719 1382 1791 substantiae

309 1833 347 1904 in
364 1854 502 1927 genere.
525 1859 542 1896 a
560 1829 690 1917 XVIII,
707 1830 741 1918 4,
758 1830 792 1914 5,
811 1828 844 1901 6.
985 1879 992 1896 .

354 1945 396 2018 In
412 1966 559 2032 summa,
578 1944 654 2012 vita
676 1965 746 2012 non
766 1948 820 2013 est
842 1941 1014 2032 aooidens,
1031 1966 1111 2038 quae
1130 1971 1148 2012 (ι
1160 1944 1319 2018 intimior
1334 1947 1382 2020 sit

309 2084 371 2134 suo
396 2057 550 2150 subjecto
576 2056 700 2152 quovis
723 2056 915 2128 aooidente.
937 2056 1079 2129 Etenim
1096 2082 1141 2133 ne
1158 2059 1280 2133 divina
1302 2063 1381 2158 qui·

310 2177 388 2248 dem
404 2173 561 2269 potentia
583 2173 699 2259 abeo,
721 2172 851 2264 absque
873 2170 1022 2244 interitu
1045 2171 1212 2264 ejusdem,
1228 2177 1381 2270 separari

309 2296 467 2384 potest...
485 2284 586 2371 Quod
604 2306 687 2356 vero
701 2282 861 2374 moritur,
877 2284 992 2378 perdit
1012 2308 1089 2358 eam
1111 2288 1297 2360 essentiam
1312 2311 1381 2384 qua

309 2405 407 2498 prius
431 2401 627 2473 fruebatur.
651 2398 735 2470 Vita
759 2421 840 2492 ergo
867 2405 943 2471 erat
966 2423 1007 2472 ea
1030 2403 1194 2490 essentia,
1214 2403 1298 2498 quia
1321 2404 1383 2476 illa

309 2519 384 2590 sola
401 2517 552 2602 sublata,
571 2513 647 2586 haee
661 2534 732 2583 una
746 2513 916 2585 aboletur.
935 2542 952 2579 a
969 2513 1100 2603 XVIII,
1118 2523 1151 2588 7.

353 2630 450 2703 Idem
476 2625 658 2701 oonfirmat
683 2624 879 2699 Glissonius
901 2656 917 2692 α
935 2631 1168 2721 percurrendo
1187 2631 1304 2704 omnia
1322 2655 1381 2705 ae·

310 2742 464 2819 oidentia
479 2741 517 2812 in
533 2740 646 2835 specie
659 2740 703 2812 de
717 2740 844 2834 quibus
863 2741 994 2834 ambigi
1007 2749 1123 2835 potest
1136 2765 1181 2814 an
1195 2743 1322 2816 vitain
1338 2744 1383 2818 iis

309 2861 488 2933 consistat.
505 2883 521 2923 a
545 2855 674 2926 Probat
698 2854 808 2946 igitur
824 2853 935 2926 vitam
956 2877 1027 2926 non
1049 2878 1123 2927 esse
1145 2858 1380 2950 quantitatem

312 2979 373 3044 aut
403 2968 634 3065 qualitatem:
659 2994 677 3033 a
701 2966 764 3037 Est
793 2965 887 3038 enim
915 2966 1045 3038 entitas
1076 2967 1236 3060 vigorosa
1260 2977 1298 3042 et
1321 2994 1379 3042 ao-

309 3086 386 3156 tiva
394 3105 405 3174 ;
430 3108 448 3149 a
474 3105 544 3154 non
564 3102 638 3152 esse
662 3087 808 3170 motum,
829 3081 890 3152 sed
913 3080 1123 3174 principium
1149 3089 1281 3174 motus;
1312 3105 1381 3155 non

312 3220 385 3271 esse
399 3195 588 3268 terminum
605 3201 719 3265 motus
724 3217 736 3283 ;
752 3217 822 3265 non
837 3194 1021 3280 astionem,
1039 3196 1099 3266 sed
1114 3196 1262 3268 aetionis
1278 3196 1382 3270 simul

310 3311 550 3409 passionisque
570 3309 702 3380 fontem
720 3331 760 3380 ao
776 3308 998 3403 principium.
1010 3309 1141 3399 XVIII,
1160 3307 1195 3394 8,
1213 3309 1266 3382 10.

355 3427 435 3499 Jam
461 3423 612 3497 essentia
639 3423 725 3493 vitae
750 3421 788 3494 in
808 3421 921 3494 forma
943 3423 1087 3517 physica
1110 3447 1180 3496 non
1206 3423 1378 3500 consistit.

311 3540 481 3636 Eqmdem
504 3538 762 3611 eoncedendum
781 3543 835 3609 est
851 3536 1030 3609 «formam
1045 3537 1090 3608 ad
1108 3539 1278 3610 rationem
1295 3539 1381 3612 vitae

312 3653 471 3750 proprius
489 3652 652 3724 aooedere
677 3649 801 3745 quovis
818 3649 989 3733 aoidente,
1011 3651 1081 3723 imo
1102 3675 1175 3725 esse
1191 3653 1306 3747 ipsam
1325 3654 1380 3725 vi·

312 3777 386 3840 tam
403 3763 680 3852 modificantem
698 3789 716 3830 a
734 3785 842 3857 quum
860 3784 944 3835 vero
960 3762 1036 3836 vita
1055 3764 1258 3838 modificans
1275 3764 1380 3860 apri-

312 3904 426 3955 meeva
450 3878 600 3968 differat,
625 3876 736 3948 forma
760 3875 904 3970 physica
931 3900 1001 3949 non
1024 3885 1077 3950 est
1098 3877 1175 3949 vita
1199 3877 1380 3972 primaeva.

314 3995 451 4068 Etenim
471 3991 630 4063 «vitain
646 3991 861 4084 primaevam,
879 3990 1148 4080 modificantem,
1166 3999 1202 4064 et
1217 4015 1261 4064 ex
1276 3992 1384 4063 utris·

318 4132 384 4202 que
404 4114 611 4188 concretam,
632 4104 850 4177 heroisoitur.
867 4104 950 4174 Vita
969 4102 1172 4175 modificans
1194 4103 1383 4176 materialis

320 4229 374 4294 est
387 4221 462 4315 ipsa
481 4220 593 4291 forma
614 4217 769 4313 physica.
785 4217 836 4288 Ut
852 4216 945 4288 enim
960 4216 1036 4288 vita
1050 4215 1219 4311 primaeva
1232 4225 1286 4290 est
1300 4218 1382 4289 sub·
