3156 5232
624 663 804 726 ...123-

100 869 103 874 .
199 828 202 832 ·
224 797 276 869 De
294 796 379 868 vitae
394 816 531 889 quoque
548 793 721 887 organicae
739 799 878 882 natura,
899 792 1041 886 quidam
1057 791 1150 864 inter
1164 812 1243 864 nos·

179 921 252 984 tros
262 931 461 982 consensus.
477 906 686 992 innomine,
703 906 855 977 animam
868 907 1076 978 rationalem
1092 905 1160 977 toti
1173 929 1246 976 cor·

179 1025 255 1120 pori
278 1046 446 1119 praeesse,
478 1044 548 1092 non
579 1042 717 1092 causam
743 1020 885 1114 quidem
914 1020 1024 1114 ipsius
1057 1020 1157 1107 vitae,
1184 1021 1245 1092 sed

179 1161 386 1232 organorum
405 1135 590 1206 concentui
605 1135 704 1228 quasi
717 1136 930 1228 praefectam,
946 1137 1106 1229 adquam
1123 1155 1247 1229 nempe

178 1261 220 1325 ut
230 1253 274 1323 ad
288 1259 446 1323 centrum
458 1247 565 1321 insita
579 1247 727 1341 singulis
740 1246 897 1342 partibus
911 1247 987 1320 vita
997 1257 1132 1342 vergat,
1149 1272 1246 1344 quae·

179 1390 247 1461 que
274 1388 392 1438 omnes
419 1385 540 1436 rursus
569 1369 686 1455 partes
716 1360 969 1455 quodammodo
1006 1362 1177 1458 percipiat
1208 1364 1245 1434 in

180 1503 308 1574 easque
327 1478 537 1550 dominetur.
554 1476 595 1548 In
615 1475 729 1549 brutis
752 1476 975 1566 animalibus,
992 1485 1028 1550 et
1046 1478 1090 1549 iis
1105 1478 1244 1571 quidem
1305 1506 1308 1512 ¹

180 1597 292 1667 infimi
321 1594 465 1684 ordinis,
489 1595 575 1689 quin
601 1593 706 1666 etiam
731 1593 769 1663 in
792 1591 935 1687 plantis,
961 1615 1059 1664 suam
1090 1592 1245 1666 minimae

181 1712 307 1805 cuique
323 1710 506 1805 particulae
520 1710 631 1781 vitam
642 1707 791 1780 inditam
812 1729 885 1779 esse
897 1707 1003 1801 (quod
1016 1730 1155 1780 necesse
1170 1717 1245 1781 erat

181 1826 426 1915 admitterent,
472 1824 532 1919 qui
557 1847 601 1896 ne
635 1821 856 1894 mineralium
886 1821 1027 1915 quidem
1056 1822 1246 1916 particulas

180 1941 255 2010 vita
276 1962 393 2011 carere
416 1941 599 2034 putabant)
609 1961 620 2027 3
645 1937 755 2032 ipsam
773 1937 893 2030 itaque
911 1937 1073 2010 vivorum
1092 1937 1246 2009 omnium

181 2054 412 2125 substantiam
428 2075 538 2146 perse
551 2052 682 2139 vivere,
700 2073 770 2122 non
794 2051 935 2122 aliunde
950 2049 1060 2122 vitam
1078 2052 1245 2124 mutuari.

169 2169 322 2261 Optime
354 2167 607 2255 Helmontium,
641 2165 868 2258 scaligerum,
897 2167 1053 2260 aliosque
1079 2167 1249 2261 vegetalis

184 2282 414 2377 animalisque
437 2283 523 2354 vitae
552 2281 796 2354 excellentiam
825 2281 1031 2373 agnovisse,
1070 2305 1248 2377 perperam

184 2405 300 2468 autem
315 2397 503 2470 credidisse
515 2397 613 2468 illam
627 2419 648 2468 a
661 2394 896 2490 peculiaribus
911 2395 997 2467 vitae
1016 2395 1198 2490 principiis
1210 2404 1252 2468 ut

183 2517 218 2584 oi
237 2516 380 2603 plastica
399 2512 457 2583 vel
483 2514 625 2584 Arateis
650 2508 820 2603 originem
851 2509 989 2599 ducere,
1014 2532 1122 2604 quum
1140 2510 1250 2604 ipsius

183 2625 400 2715 substantiae,
421 2649 482 2698 seu
496 2626 590 2698 rivae
603 2624 773 2714 materiae,
789 2623 865 2695 vita
882 2622 941 2712 sit,
958 2624 1095 2696 diverse
1110 2631 1249 2697 tantum

183 2739 391 2811 modificata.
404 2781 447 2794 -
465 2740 676 2833 Utcumque,
691 2740 803 2810 vitam
818 2760 946 2810 amero
958 2742 1173 2810 mechanisma
1188 2761 1249 2810 ne-

184 2876 357 2946 quaquam
372 2853 553 2943 resultare,
571 2860 691 2926 contra
706 2875 780 2925 esse
794 2852 904 2947 ipsius
919 2857 1129 2924 metacismi
1149 2852 1249 2947 quasi

183 2967 328 3040 fontenis

227 3083 386 3177 Denique
398 3105 469 3153 non
484 3082 815 3154 omninodissimilia
829 3083 1002 3171 devacuo,
1014 3083 1058 3155 de
1068 3083 1247 3170 continuo,

183 3200 226 3270 de
247 3199 371 3270 atomis
389 3220 430 3270 ac
454 3195 711 3284 divisibilitate,
728 3195 1156 3293 LeibnitioGlissonioque
1173 3197 1250 3270 visa

184 3320 278 3386 sunt.
301 3313 457 3406 Uterque
476 3310 571 3383 enim
584 3334 736 3384 vacuum
754 3320 859 3407 atque
881 3319 1014 3385 atomos
1032 3321 1151 3408 aperte
1165 3314 1249 3405 reji-

185 3429 245 3515 cit,
267 3434 415 3521 uterque
434 3424 703 3497 continuitatem
721 3448 761 3497 ac
784 3426 1065 3499 divisibilitatcm
1080 3426 1118 3498 in
1134 3427 1251 3501 infini-

183 3551 274 3630 tum,
296 3563 494 3638 quanquam
507 3563 569 3613 suo
582 3541 728 3636 quisque
740 3542 853 3631 modo,
870 3541 1039 3613 admittit.

230 3655 365 3730 Omitto
382 3653 522 3748 singula
533 3654 704 3727 minutius
718 3677 907 3743 recensere,
917 3677 996 3749 quae
1010 3657 1103 3728 inter
1113 3663 1248 3730 nostros

185 3769 382 3841 communia
400 3769 529 3862 passim
550 3769 799 3863 reperiuntur:
825 3791 883 3839 eos
902 3775 1039 3841 constat
1058 3770 1170 3842 multa
1186 3794 1249 3866 pa-

185 3882 272 3954 riter
284 3881 512 3975 excogitasse.
530 3881 607 3953 Non
622 3879 701 3951 ideo
716 3885 833 3952 tamen
851 3883 968 3952 statim
983 3883 1177 3976 putandum
1197 3891 1249 3955 est

186 3998 263 4091 ipsa
278 3996 340 4066 illa
357 3995 474 4067 omnia
489 3996 533 4065 ab
547 3995 657 4066 altero
681 3995 830 4065 alterum
847 3995 1031 4089 accepisse,
1052 4018 1158 4089 quum
1175 3995 1250 4068 fieri

185 4109 341 4204 potuerit
359 4115 400 4180 ut
414 4131 566 4180 seorsum
583 4107 703 4179 eadem
727 4109 771 4178 ab
791 4107 914 4179 iisdem
937 4109 1136 4183 auctoribus
1151 4109 1252 4182 lectis

188 4224 402 4297 derivarent.
419 4223 485 4293 Par
501 4221 593 4294 enim
607 4222 749 4316 utrique
763 4221 998 4315 antiquitatis,
1019 4246 1082 4317 par
1097 4223 1249 4295 scholas-

187 4339 282 4426 ticae,
310 4359 374 4431 par
398 4336 601 4408 recentioris
620 4334 850 4428 philosophiae
873 4337 1039 4429 cognitio
1067 4337 1247 4409 Platonem
