3156 5232
776 665 955 733 -lro-

333 796 392 868 vel
407 795 592 870 divisibilis
604 798 661 868 vel
675 796 764 868 nihil
778 805 872 870 est...
888 797 1039 892 Corpora
1049 797 1161 891 igitur
1174 821 1219 870 ex
1235 797 1399 869 indivisi·

333 910 461 983 bilibus
478 934 547 982 non
559 919 823 1003 componuntur.
844 941 860 976 »
875 911 1021 994 XXXII,
1040 913 1074 1000 5,
1089 910 1110 982 6
1127 915 1151 981 ¹.

381 1026 568 1098 «Verume
582 1033 703 1098 contra
716 1026 779 1098 vix
792 1025 937 1098 minoris
950 1027 1117 1098 momenti
1129 1026 1340 1118 objectiones
1353 1027 1398 1097 ad

332 1139 544 1212 suadendam
555 1138 736 1211 adversam
748 1147 883 1232 partem
895 1138 1024 1212 adferri
1037 1141 1161 1212 solent.
1173 1179 1218 1195 -
1233 1139 1399 1213 Ordimur

332 1253 621 1348 aoomparatioue
635 1255 844 1347 quantitatis
862 1255 1040 1327 continuae
1055 1262 1090 1326 et
1104 1255 1276 1327 discretae.
1292 1252 1398 1327 Multi
1519 1261 1521 1264 ’

331 1368 500 1458 inferunt,
520 1366 612 1462 quod
626 1368 915 1461 quemadmodum
929 1369 1006 1441 haec
1017 1369 1164 1463 speciem
1179 1369 1331 1464 aliquam
1342 1367 1398 1439 in-

331 1481 479 1557 finitatis
492 1489 652 1576 respectu
666 1481 869 1572 additionis,
885 1483 937 1553 ita
952 1482 1014 1554 illa
1026 1491 1186 1577 respectu
1198 1481 1396 1569 divisionis,

333 1596 400 1670 sibi
414 1605 562 1692 arrogat.
579 1599 692 1670 Aiunt
705 1598 810 1687 enim,
827 1607 868 1670 ut
880 1599 924 1669 ad
940 1621 1123 1671 numerum
1133 1623 1200 1694 quo
1212 1620 1282 1670 non
1294 1597 1399 1668 datur

331 1709 453 1804 major,
465 1711 516 1783 ita
531 1710 575 1784 ad
589 1711 795 1806 particulam
807 1736 877 1808 qua
886 1737 955 1785 uon
968 1712 1072 1785 datur
1085 1713 1199 1784 minor
1211 1713 1399 1807 pervenire

333 1848 403 1899 non
431 1826 525 1899 licet.
554 1827 683 1898 Verum
711 1836 829 1900 tamen
859 1827 935 1900 haec
963 1827 1184 1899 ratiocinatio
1211 1827 1400 1900 infeliciter

332 1939 498 2033 procedit.
516 1939 682 2033 Magnum
700 1942 791 2012 enim
807 1941 992 2014 discrimen
1006 1947 1059 2014 est
1073 1941 1166 2013 inter
1183 1939 1396 2012 intinitatem

332 2055 389 2126 cui
405 2056 583 2150 quantitas
601 2057 763 2144 discreta,
782 2066 819 2131 et
839 2081 914 2130 eam
934 2059 991 2132 cui
1011 2058 1191 2153 quantitas
1218 2057 1397 2140 continua,

329 2170 529 2264 praetendit.
545 2171 611 2244 Illa
626 2174 707 2244 dato
720 2172 831 2260 cuivis
846 2196 989 2247 numero
1012 2174 1208 2247 extrinseca
1228 2181 1282 2246 est
1297 2195 1305 2245 :
1323 2173 1399 2246 haec

331 2284 443 2356 cuivis
471 2287 636 2358 continuo
655 2287 845 2361 intrinseca
873 2296 938 2361 est.
962 2288 1091 2362 Omnes
1121 2289 1216 2360 enim
1239 2285 1399 2360 continui

331 2398 513 2492 particulae
530 2401 566 2471 in
582 2424 618 2472 se
640 2409 721 2474 actu
735 2405 1012 2477 conclusaesunt.
1038 2403 1169 2476 Verum
1193 2409 1234 2475 ut
1255 2401 1395 2473 finitum

194 2527 200 2538 '
331 2519 413 2583 actu
427 2511 622 2587 includeret
632 2524 748 2609 partes
763 2516 932 2606 infinitas,
949 2517 1034 2590 adeo
1050 2516 1154 2589 torsit
1177 2520 1212 2588 et
1232 2515 1398 2609 fatigavit

331 2625 726 2723 subtilissimaingenia,
740 2639 781 2702 ut
794 2630 966 2725 plurimis,
984 2629 1191 2703 difficultate
1208 2631 1322 2718 victis,
1338 2652 1398 2722 po·

330 2742 402 2816 tius
415 2744 596 2839 placuerit,
611 2744 820 2817 contrariam
845 2743 1067 2834 sententiam,
1092 2744 1296 2815 continuum
1328 2766 1397 2813 non

331 2858 458 2930 esseio
473 2857 651 2930 infinitum
666 2857 862 2948 dividuum,
880 2857 1064 2931 sustinere.
1080 2883 1097 2926 a
1116 2856 1264 2939 XXXII,
1277 2856 1310 2928 8.

377 2998 395 3036 ι(
412 2971 546 3065 Aliqui,
562 2978 604 3043 ut
623 2970 813 3044 defendant
828 2971 1002 3044 infinitam
1026 2970 1320 3058 dlvisibilitatem,
1343 2969 1397 3042 di·

330 3093 415 3158 cunt
428 3086 667 3179 potentialem,
683 3109 753 3157 non
774 3087 958 3177 actualem,
983 3109 1081 3159 esse:
1105 3093 1141 3159 et
1163 3085 1303 3181 quidem
1322 3085 1398 3179 ipsa

329 3219 399 3272 vox
410 3199 583 3272 dividuam
596 3223 655 3274 sen
672 3204 830 3273 divisibile
840 3201 1045 3296 potentiam,
1058 3225 1128 3274 non
1138 3207 1267 3291 actum,
1282 3207 1395 3272 sonat.

330 3313 460 3386 Verium
476 3322 517 3386 ut
529 3315 662 3411 aliquid
677 3316 815 3388 dicatur
839 3314 997 3410 potentia
1016 3315 1192 3387 divisibile
1213 3315 1252 3386 in
1276 3315 1396 3386 infini-

329 3435 418 3521 tum,
437 3438 573 3526 oportet
584 3431 620 3503 in
641 3455 678 3504 se
690 3439 769 3504 actu
783 3431 942 3504 includat
953 3438 1071 3525 partes
1084 3429 1281 3502 infinitas...
1297 3429 1398 3516 Quod

330 3551 447 3617 autem
459 3546 617 3619 continet
628 3553 744 3640 partes
759 3552 908 3640 quantas
923 3543 1079 3617 infinitas
1095 3552 1176 3616 actu
1191 3544 1394 3636 existentes,

331 3651 530 3753 quanquam
545 3683 613 3732 non
624 3666 706 3733 actu
716 3660 859 3749 divisas,
875 3667 955 3730 actu
968 3657 1145 3730 infinitum
1158 3680 1231 3730 esse
1242 3657 1393 3731 videtur.

329 3801 373 3828 ³·-
387 3773 610 3868 Respondent
626 3773 747 3869 aliqui,
764 3773 1042 3845 divisibilitatem
1055 3771 1230 3843 infinitam
1250 3773 1296 3843 ad
1313 3796 1394 3845 oon·

329 3886 469 3960 tinuum
484 3896 698 3982 spectantem
713 3913 782 3961 non
795 3911 869 3960 esse
881 3887 1072 3982 physicam,
1090 3887 1151 3959 sed
1166 3894 1305 3959 tantum
1324 3904 1397 3959 me·

329 4002 569 4085 thematicam;
584 4009 620 4076 et
629 4002 786 4074 infinitas
794 4010 909 4098 partes
919 4001 1181 4073 mathematicas
1189 4023 1257 4073 non
1268 4023 1396 4096 ponere

331 4137 454 4212 corpus
463 4118 646 4212 physicum
656 4103 736 4190 actu
749 4115 938 4189 infinitum.
952 4116 1082 4188 Verum
1093 4115 1154 4187 vix
1165 4115 1214 4188 sic
1227 4117 1393 4188 evadunt.

362 4282 371 4324 ⁸
391 4287 477 4340 Leibu.
494 4289 571 4341 lettre
588 4287 606 4339 d
624 4289 741 4350 lovetot,
762 4289 830 4352 lost,
848 4287 944 4351 Erum,
965 4301 990 4352 p.
1004 4287 1057 4346 tre.
1075 4288 1122 4338 col.
1137 4285 1160 4340 l.
1178 4300 1192 4337 u
1211 4286 1241 4338 le
1257 4300 1288 4337 ne
1300 4290 1396 4351 conpote

331 4368 398 4436 poict
410 4366 582 4420 d'indivisiblcs
594 4370 726 4435 ptysiques
740 4379 796 4421 saus
807 4369 926 4421 mlracles.
938 4378 952 4419 u
