3196 5228
780 560 939 621 -36-

371 692 438 764 Sed
452 691 496 762 de
508 690 620 783 prima
634 695 774 759 tantum
788 711 850 759 seu
865 687 1014 781 simplici
1028 687 1249 785 perceptione
1263 687 1396 780 imprae-

324 805 516 878 sentiarum
530 803 659 896 agitur,
677 825 781 897 quam
795 803 1013 896 probandum
1028 808 1083 872 est
1097 831 1114 867 «
1132 824 1206 874 esse
1220 800 1396 872 immedia-

322 927 397 991 tam
417 918 590 991 actionem
611 918 696 988 vitae
713 918 967 988 substantialis.
979 945 995 983 1
1008 917 1145 988 Asserit
1156 916 1267 1012 igitur
1280 921 1399 988 noster

323 1062 341 1102 u
357 1034 468 1128 ipsam
482 1033 629 1128 primam
643 1032 848 1105 facultatem
867 1031 1102 1126 peroeptivam
1126 1030 1327 1103 immediate
1340 1053 1396 1100 ra·
1416 1075 1418 1080 -

324 1145 434 1218 dicari
457 1147 494 1218 in
519 1146 590 1217 vita
613 1169 675 1217 seu
692 1153 819 1218 natura
843 1146 1068 1218 substantiali
1093 1147 1303 1240 energetica,
1322 1152 1397 1216 eta

322 1260 395 1332 solo
419 1260 493 1332 Deo
517 1258 694 1332 creatione
709 1260 830 1348 inseri,
856 1262 930 1331 sola
948 1259 1203 1332 annihilatione
1227 1256 1396 1329 eradicari

320 1398 461 1470 posse...
474 1374 553 1468 Ipsa
566 1374 660 1446 enim
670 1373 894 1468 percipientis
903 1374 1100 1446 substantia
1109 1397 1164 1445 res
1176 1379 1229 1446 est
1239 1396 1317 1467 quae
1327 1373 1392 1443 im-

264 1491 266 1496 ’
320 1489 473 1562 mediate
497 1489 657 1583 percipit.
681 1519 698 1554 »
728 1489 880 1577 Etenim,
912 1497 953 1560 ut
985 1518 1002 1555 «
1032 1488 1108 1560 vita
1135 1487 1315 1581 originalis
1341 1493 1394 1558 est

321 1605 527 1676 substantia
540 1604 756 1693 immediata,
774 1605 907 1676 scilicet
925 1613 978 1676 est
992 1604 1068 1698 ipsa
1080 1602 1154 1694 ejus
1169 1610 1295 1675 natura
1312 1626 1391 1695 ope·

320 1717 447 1802 rativa,
465 1719 516 1791 ita
536 1749 552 1785 «
569 1719 810 1814 proculdubio,
824 1720 956 1812 primus
972 1726 1071 1790 actus
1086 1717 1191 1808 hujus
1206 1718 1302 1806 vitae,
1318 1741 1395 1810 quae

319 1842 373 1906 est
395 1833 584 1928 perceptio,
615 1841 669 1905 est
694 1833 902 1906 substantiae
925 1833 1139 1906 immediata.
1160 1862 1177 1898 1
1279 1831 1396 1903 «Etsi

257 1982 259 1986 ’
319 1949 563 2036 1111111111,
580 1949 641 2042 qni
656 1947 858 2020 modificant
871 1948 1018 2042 primam
1034 1948 1304 2042 perceptionem,
1321 1948 1396 2019 sive

319 2063 445 2135 animae
470 2062 661 2150 sensitiva,
688 2062 762 2134 sive
789 2063 928 2155 organis
952 2071 987 2135 et
1012 2062 1206 2157 spiritibus,
1240 2061 1397 2156 proxime

318 2176 488 2249 inhaerere
514 2178 699 2266 dicuntur;
728 2201 768 2250 ea
797 2185 928 2260 tamen,
947 2201 1052 2272 quam
1073 2177 1287 2262 modificant,
1314 2184 1398 2248 ante

318 2292 611 2364 modificationem
627 2291 734 2363 fuisse
750 2293 853 2385 plane
874 2292 950 2363 sine
971 2289 1127 2382 subjecto
1149 2291 1306 2385 putanda
1326 2314 1396 2362 non

319 2414 384 2479 est.
402 2405 559 2500 Cumque
578 2406 714 2479 nullum
743 2404 939 2496 subjectum
956 2413 1085 2500 praeter
1104 2405 1289 2508 materiam
1311 2413 1398 2475 tunc

319 2520 502 2608 adfuisset,
526 2543 666 2592 necesse
688 2528 742 2592 est
764 2519 839 2612 ejus
858 2527 1021 2592 naturam
1035 2520 1270 2612 energoticam
1288 2516 1396 2590 fuisse

317 2634 383 2706 hoc
398 2631 604 2724 subjectum.
622 2661 639 2700 »
659 2635 714 2704 Ad
729 2635 905 2722 lectorem,
919 2637 939 2726 ξ
958 2635 1011 2706 lb.

361 2748 544 2821 Neminem
568 2757 686 2848 autem
705 2747 798 2840 fugit
821 2748 942 2819 offerre
967 2773 1003 2820 se
1023 2751 1087 2820 hoo
1111 2751 1185 2820 loco
1210 2747 1394 2821 celeberri-

317 2885 411 2934 mam
421 2863 465 2933 de
476 2866 600 2932 virtuto
611 2867 755 2952 plastica
770 2863 1011 2956 quaestionem,
1020 2865 1154 2935 scilicet
1166 2863 1209 2934 de
1223 2862 1308 2934 vitae
1322 2862 1396 2934 ani·

317 2975 419 3048 malis
439 2975 574 3070 origine
590 2980 616 3045 ¹.
640 2976 730 3048 Sunt
750 2977 860 3069 igitur
887 2978 947 3070 qui
968 2978 1116 3070 primam
1139 2979 1397 3072 perceptionem

317 3090 534 3186 primamque
550 3091 655 3162 simul
671 3091 781 3161 vitam
792 3098 921 3183 putant
941 3118 958 3158 «
969 3092 1152 3164 inhaesisse
1166 3093 1293 3163 animae
1319 3114 1396 3164 sen·

318 3205 435 3276 sitivae
450 3214 639 3300 antequam
652 3228 782 3298 organa
796 3204 1049 3298 formabantur.
1069 3235 1086 3270 >›
1105 3206 1161 3278 Sic
1174 3206 1396 3278 acutissimus

318 3318 473 3411 Scaliger
487 3319 584 3390 oanis
601 3318 753 3389 animam
777 3341 852 3390 esse
877 3327 958 3390 actu
981 3320 1018 3389 in
1042 3319 1173 3392 semine
1197 3319 1392 3412 profitetur,

316 3431 368 3503 ita
384 3441 425 3504 ut
439 3433 536 3504 canis
555 3455 672 3520 semen
688 3432 735 3504 sit
755 3435 864 3516 oanis,
884 3435 1108 3527 imperfectus
1133 3458 1255 3528 nempe
1283 3434 1392 3523 cauiS,

317 3570 438 3620 carens
452 3555 593 3620 tantum
609 3549 927 3621 articulationibus
944 3548 1056 3633 Quam
1078 3550 1276 3644 opinionem
1291 3551 1393 3622 valde

316 3662 451 3756 respuit
469 3661 665 3736 Glissonius
682 3687 690 3734 :
711 3665 877 3734 «Durum
894 3666 1039 3735 verbum
1052 3688 1139 3753 esse,
1150 3664 1302 3736 animam
1316 3687 1394 3736 sen·

316 3776 458 3847 sitiram
470 3776 590 3848 adesse
608 3777 668 3849 nbi
680 3779 799 3849 nullus
815 3779 914 3848 adest
930 3801 1064 3864 seusun,
1075 3787 1137 3850 aut
1151 3801 1321 3872 organum
1331 3801 1394 3873 per

317 3891 409 3984 quod
431 3891 623 3985 quidquam
647 3890 778 3963 sentire
804 3900 923 3984 queat.
950 3892 1051 3962 Dixit
1076 3893 1158 3963 olim
1185 3893 1392 3964 Aristoteles

317 4009 465 4075 culmum
490 4027 553 4074 esse
574 4020 685 4076 uotum
701 4010 850 4096 corporis
870 4010 1030 4094 orponlct.
1056 4006 1121 4077 Dic
1145 4007 1314 4099 quomodo
1336 4027 1391 4075 or-

350 4209 357 4242 *
378 4207 415 4262 Cf.
431 4209 515 4260 Leibn.
530 4212 634 4274 Dcipsa
646 4187 751 4274 nutura,
770 4211 782 4273 ἓ
796 4209 925 4272 1111111.1
943 4224 966 4274 p.
983 4211 1036 4261 155.
1049 4238 1079 4248 -
1093 4211 1254 4263 Concidere
1269 4209 1381 4276 leprico

318 4289 347 4340 de
359 4289 407 4341 ote.
421 4289 494 4340 rrum
509 4330 515 4352 ,
528 4305 553 4358 p.
566 4292 621 4342 429.
