3156 5232
775 549 956 620 -llo-

330 684 570 763 terminatis...
586 714 603 755 a
622 686 818 780 Propontio,
834 711 870 760 v.
884 711 934 782 g.,
951 687 1044 760 inter
1058 686 1267 759 diametrum
1281 694 1318 760 et
1331 684 1400 759 oir-

330 807 464 894 oulum,
480 806 565 876 item
582 803 675 875 inter
693 825 809 874 aream
836 803 958 875 oirouli
972 810 1008 874 et
1027 803 1189 898 quadrati
1207 802 1244 874 in
1271 809 1397 873 natura

328 919 451 1008 datur,
481 941 560 1014 queo
591 917 745 989 numeris
781 940 851 1018 non
879 916 1195 1011 comprehenditur.
1227 916 1395 1005 XXXIII,

329 1033 362 1121 3,
383 1035 417 1120 7,
438 1032 472 1106 8.

371 1149 427 1218 Ad
442 1149 631 1220 seeundum
646 1171 728 1222 vero
746 1148 933 1244 quaesitum
954 1147 1149 1239 veniamus,
1168 1177 1185 1215 «
1200 1145 1395 1239 eujusmodi

326 1262 423 1335 entia
441 1262 497 1333 hae
516 1263 699 1356 particulae
722 1284 865 1336 numero
887 1261 1037 1334 infinitae
1058 1261 1185 1352 forent,
1202 1263 1232 1334 si
1247 1285 1309 1356 per
1326 1263 1393 1333 im-

325 1377 490 1470 possibile
515 1387 596 1450 aotu
619 1380 656 1450 in
680 1377 857 1450 infinitum
887 1378 1012 1450 divisae
1037 1385 1182 1450 starent.
1201 1406 1218 1443 a
1246 1377 1393 1470 «Supra

327 1491 568 1583 probavimus,
600 1491 775 1564 infinitam
808 1491 1016 1563 divisionem
1045 1498 1127 1564 aotu
1154 1489 1392 1562 admInistrari

327 1625 395 1674 non
410 1625 530 1698 posse3
548 1605 608 1676 sed
623 1627 697 1678 esse
711 1604 865 1697 ejusdem
888 1605 1034 1677 rationis
1054 1604 1120 1677 hoo
1138 1612 1297 1699 respectu
1313 1627 1393 1677 oum

325 1739 468 1790 numero
484 1741 545 1811 per
558 1718 772 1790 additionem
793 1717 944 1807 infinito,
959 1718 1019 1812 qui
1034 1740 1212 1813 nunquam
1228 1719 1393 1810 oompleri

325 1839 450 1923 potest.
466 1834 639 1905 Numerus
654 1831 746 1908 enim
764 1839 846 1904 aotu
858 1830 1017 1903 infinitus
1031 1831 1219 1926 utrobique
1233 1831 1395 1903 similiter

324 1945 549 2038 impossibilis
573 1953 637 2017 est.
665 1947 792 2032 Quaero
814 1946 924 2040 igitur
944 1969 1006 2039 per
1028 1945 1254 2038 impossibile,
1276 1943 1394 2039 qualia

324 2062 420 2132 entia
439 2061 555 2132 forent
578 2060 717 2133 infinita
740 2063 816 2133 heeo
834 2061 1084 2155 partioularum
1104 2068 1184 2131 aotu
1202 2059 1394 2130 divisarum

323 2173 523 2262 multitudo,
546 2174 576 2245 si
590 2175 678 2246 talia
696 2175 875 2247 darentur.
897 2173 1040 2247 Certum
1058 2195 1132 2245 esse
1153 2173 1304 2244 arbitror
1323 2195 1392 2243 non

322 2283 396 2358 fore
431 2285 576 2358 minima
613 2288 805 2378 naturalia,
835 2287 928 2382 quod
956 2309 998 2359 ea
1022 2286 1095 2357 sint
1125 2285 1327 2379 eorpusoula
1356 2293 1394 2356 et

323 2408 471 2491 quanta,
498 2409 534 2472 et
558 2402 595 2472 in
624 2401 802 2473 infinitum
832 2408 914 2472 actu
942 2400 1188 2495 multiplicata,
1214 2398 1391 2471 infinitum

322 2516 472 2607 spatium
497 2517 725 2609 postularent.
751 2516 872 2610 Neque
897 2514 1036 2609 quidem
1062 2515 1132 2585 alia
1157 2521 1272 2586 essent
1296 2513 1391 2585 entia

322 2630 430 2699 realia
463 2651 524 2700 seu
559 2628 724 2722 physioa;
760 2629 932 2723 siquidem
971 2626 1145 2700 infinitam
1181 2627 1389 2700 divisionem

322 2766 439 2836 passa,
471 2742 560 2814 nihil
588 2743 803 2815 extensionis
833 2743 900 2815 sibi
927 2743 1101 2837 reliquum
1130 2751 1350 2814 reservarent
1363 2745 1387 2814 ¹.

323 2857 416 2943 Quid
439 2880 521 2951 ergo
543 2858 682 2930 forent?
707 2857 865 2930 Profecto
890 2856 979 2928 nihil
1005 2864 1174 2951 superest,
1199 2856 1290 2952 quod
1317 2879 1391 2929 esse

321 2979 478 3064 possunt,
495 2971 564 3044 nisi
584 2978 713 3065 punota
736 2971 995 3059 mathematica,
1012 2978 1075 3041 aut
1094 2971 1241 3042 fortasse
1261 2979 1392 3065 puncta

321 3085 566 3158 substantialia
579 3107 641 3157 seu
657 3085 888 3157 aooidentalia
901 3084 1160 3156 mathematicis
1182 3086 1295 3178 quoad
1317 3109 1390 3160 ma·

320 3198 540 3294 gnitudinem
554 3200 817 3294 aequipollentia
828 3201 886 3270 ²...
903 3197 1019 3283 Quare
1030 3197 1147 3271 forent
1161 3196 1273 3270 instar
1286 3198 1389 3270 nihili

321 3313 395 3384 sive
410 3312 646 3402 aooidentalis,
661 3313 735 3384 sive
758 3310 1010 3384 substantialis.
1031 3311 1094 3383 Est
1109 3310 1201 3384 enim
1216 3313 1260 3384 de
1275 3335 1388 3384 essen·

319 3426 371 3497 tia
386 3427 543 3498 materiae
562 3448 632 3497 non
648 3448 746 3520 posse
764 3424 961 3497 conservari
984 3427 1115 3518 absque
1135 3425 1253 3519 aliqua
1274 3448 1385 3520 quan·

353 3679 360 3713 l
380 3679 463 3728 teitu.
478 3677 573 3742 Erdm„
590 3692 614 3741 p.
628 3677 673 3728 124
687 3691 693 3727 :
709 3690 724 3728 u
737 3676 754 3727 ll
770 3682 808 3728 est
823 3681 935 3727 constant
952 3691 999 3741 que
1017 3676 1039 3726 le
1057 3677 1154 3727 contiuo
1177 3691 1206 3727 ne
1226 3679 1318 3729 nauruit
1336 3681 1387 3729 titre

320 3761 431 3821 compost
447 3759 476 3808 de
493 3759 580 3822 points.
593 3773 606 3808 n
865 3817 867 3820 ¹

351 3839 363 3873 ²
382 3838 465 3888 Leihn.
478 3839 570 3899 Erdnr„
585 3853 609 3900 p.
622 3838 675 3896 lto.
686 3837 756 3888 ooli
770 3851 777 3888 ε
791 3852 805 3887 u
815 3837 834 3887 Il
847 3837 886 3901 n’y
896 3851 910 3886 a
921 3852 966 3902 que
978 3836 1012 3887 les
1024 3845 1116 3889 atomos
1129 3837 1158 3888 de
1170 3838 1306 3901 substante,
1319 3839 1387 3890 o'est·

318 3919 394 3970 t-dire
405 3919 439 3968 les
450 3918 527 3968 nnitts
536 3919 622 3969 rtelles
631 3925 655 3969 et
664 3920 815 3971 absolument
826 3918 956 3969 destitutes
965 3923 994 3969 de
1005 3921 1100 3984 parties,
1111 3921 1149 3983 qul
1161 3921 1236 3969 soient
1247 3920 1280 3970 les
1290 3935 1387 3972 sources

319 4001 361 4050 des
373 4002 493 4050 actions...
511 4001 547 4051 0n
559 4001 595 4052 les
609 4001 718 4065 pourrait
733 4001 831 4064 appeler
845 4002 931 4062 points
945 4000 1148 4064 metaphysiqaes
1161 4018 1169 4049 .·
1182 4001 1212 4049 ils
1227 4008 1268 4051 out
1281 4002 1388 4064 quelque

320 4083 391 4132 chore
404 4084 435 4131 de
445 4081 510 4132 vitel
521 4088 545 4132 et
560 4095 606 4131 une
624 4083 708 4146 esptoe
724 4083 752 4131 de
769 4083 931 4145 percepttom
944 4085 968 4130 et
981 4080 1015 4130 les
1027 4080 1106 4144 points
1120 4080 1322 4145 mathtmutiques
1333 4090 1389 4132 sont

317 4161 383 4212 leurs
400 4163 477 4225 points
491 4162 520 4212 de
535 4176 580 4212 vua
596 4177 656 4224 pour
666 4161 918 4226 exprimerl'nnivers.
934 4175 948 4213 n
958 4189 988 4199 -
998 4161 1072 4222 Idem,
1090 4161 1185 4225 Erdm„
1197 4177 1221 4226 p.
1234 4161 1279 4213 124
1291 4176 1298 4226 ;
1312 4167 1338 4213 et
1350 4164 1387 4214 De

318 4242 379 4310 Ipsa
391 4245 502 4306 Nature,
514 4242 526 4302 ξ
539 4243 575 4293 ll.
587 4241 680 4303 Erdnr.‚
694 4255 716 4306 p.
732 4241 784 4292 158.
1213 4233 1215 4238 ’
