3196 5228
619 1817 718 1890 CAP.
744 1815 808 1888 III.

459 2177 502 2225 An
518 2171 665 2224 Leibnitius
683 2171 848 2222 Giissonium
865 2171 975 2235 legerit.

229 2495 344 2581 Quum
366 2493 532 2568 Glissonii
551 2501 725 2566 Tractatio
747 2499 786 2564 cte
801 2499 935 2565 Notuco
948 2499 1144 2565 Substoottoe
1157 2515 1252 2564 euer-

183 2617 288 2700 peto‘co
315 2609 485 2699 Londini,
511 2632 543 2680 a.
571 2610 615 2680 D.
643 2608 729 2681 1672
756 2609 870 2681 editus
901 2609 968 2698 sit,
1001 2609 1151 2702 primum
1182 2631 1253 2680 non

182 2746 322 2819 possum
343 2747 412 2794 non
436 2723 714 2796 animadvertere
733 2721 960 2809 Leibnitium‚
985 2722 1045 2817 qui
1066 2723 1168 2796 illum
1191 2745 1254 2793 an·

185 2862 269 2909 num
284 2838 321 2908 in
336 2835 451 2909 Gallia
465 2837 538 2909 fere
550 2845 663 2909 totum
677 2839 833 2930 degerat,
847 2837 951 2908 initio
964 2837 1141 2931 sequentis
1155 2837 1253 2928 anni,

184 2974 302 3024 mense
328 2951 461 3023 scilicet
481 2950 643 3042 januario
670 2949 769 3041 1673,
795 2951 833 3021 in
860 2951 1016 3022 eamdem
1045 2954 1167 3024 urbem
1192 2974 1252 3022 ve-

185 3067 290 3154 nisse,
309 3063 374 3138 ubi,
386 3064 473 3136 duos
487 3087 624 3136 menses
639 3073 794 3136 moratus
809 3072 874 3136 est.

230 3180 287 3248 An
306 3177 373 3269 ipsi
393 3174 567 3249 Glissonio
589 3177 774 3249 familiaris
794 3177 913 3266 fuerit,
935 3201 980 3249 an
997 3177 1092 3249 illius
1111 3175 1255 3249 Tractu-

187 3301 262 3364 tum
277 3314 298 3362 a
313 3291 429 3384 proelis
453 3297 628 3365 recentem
655 3297 776 3362 notum
800 3292 974 3380 habuerit,
992 3314 1061 3362 non
1085 3298 1138 3363 est
1163 3291 1256 3384 quod

187 3407 272 3478 sotis
293 3412 387 3477 certo
411 3405 572 3477 sciamue
595 3405 636 3476 Id
657 3413 775 3476 tomen
801 3406 973 3494 novimuS,
990 3405 1140 3476 Londini
1162 3426 1253 3495 eum,

187 3519 281 3588 haud
303 3539 401 3589 secus
425 3540 466 3588 ac
488 3517 653 3607 Lutetiae,
680 3519 916 3589 doctissimum
943 3540 1114 3610 quemque
1142 3517 1255 3587 virum

90 3694 94 3700 .
187 3633 410 3725 potissimum,
432 3630 721 3725 frequentavisse‚
746 3639 782 3703 et
802 3633 976 3726 praecipue
1003 3655 1082 3704 cum
1104 3632 1255 3702 clarissi-

188 3749 252 3816 mis
265 3745 384 3837 Regiae
399 3744 582 3816 Societotis
599 3745 741 3838 collegis
754 3746 944 3817 amicitiam
955 3745 1115 3837 junxisse
1127 3744 1257 3816 &uteri

221 3917 227 3950 ¹
248 3914 419 3966 Metlvcmoticis
431 3915 566 3980 presertim
582 3915 676 3966 Coiiinc
685 3923 709 3966 et
721 3915 861 3979 Oldenburg
874 3931 931 3965 usus
941 3921 986 3979 est,
1001 3929 1044 3980 per
1054 3928 1113 3978 quos
1125 3927 1178 3964 oum
1189 3914 1259 3964 Now-

188 3997 262 4051 tonio.
287 3995 326 4058 qui
350 4002 399 4045 ium
420 3995 583 4058 Centobrigiae
601 3997 707 4058 vivebat,
723 3997 917 4057 communicavit,
933 4000 959 4046 ut
975 4001 1042 4061 petet
1060 4009 1089 4045 ex
1104 3995 1257 4046 commuuio

188 4076 336 4148 Epiacum,
350 4076 412 4140 qnod
432 4075 514 4126 multis
533 4083 586 4142 post
604 4077 672 4127 annio
682 4077 772 4140 (1712),
788 4075 913 4141 vulgatum
926 4080 971 4138 cst,
983 4089 1037 4126 cum
1057 4075 1086 4126 de
1100 4074 1155 4125 novi
1171 4074 1255 4125 cuiculi

188 4157 323 4223 inventione
341 4156 385 4207 sub
402 4156 482 4218 judice
496 4157 524 4206 iis
537 4164 608 4208 esset.
623 4155 670 4208 Sed
687 4171 742 4208 oum
756 4157 810 4208 aliis
826 4171 920 4222 quoque
936 4156 994 4206 viris
1010 4157 1034 4205 in
1050 4155 1155 4220 quolibet
1168 4169 1258 4218 genere

188 4237 304 4287 doctrinae
314 4237 415 4286 eruditis
423 4236 523 4287 multum
533 4239 583 4286 sine
593 4238 664 4288 dubio
676 4245 831 4289 conversatus
839 4247 884 4302 est,
895 4252 949 4288 cum
960 4237 1067 4287 Robevto
1079 4235 1171 4299 Boyiio,
1183 4251 1206 4285 v,
1221 4251 1258 4300 g.,

189 4319 340 4392 insignitum
353 4318 415 4368 inter
425 4331 508 4368 omnes
522 4319 628 4383 physico,
641 4320 710 4384 cujus
722 4333 805 4385 opere,
815 4335 829 4371 a
841 4319 955 4371 Giicsouii
970 4318 1081 4382 operibns
1093 4331 1140 4368 non
1153 4317 1186 4366 itu
1198 4317 1258 4367 mul-
