3196 5228
684 609 843 669 ..27-

232 743 332 836 quasi
349 743 414 813 alis
438 749 571 826 vectus,
593 741 711 812 omnia
733 745 924 834 percurrat,
950 744 1068 808 tamen
1094 742 1240 828 uterquc
1263 731 1298 804 in

231 879 272 929 eo
295 855 367 927 fere
382 855 616 938 consentiunt,
633 861 674 926 ut
687 853 816 926 rationi
833 852 961 947 primas
975 852 1013 922 in
1025 847 1298 944 philosophando

231 978 348 1062 prutes
387 965 559 1056 tribuant,
603 968 785 1040 ratiocinio
820 967 1009 1061 plurimum
1042 962 1230 1044 confidant,
1263 968 1299 1031 et

232 1105 459 1176 quaecumque
472 1107 555 1154 vera
568 1085 651 1172 sint,
670 1107 711 1154 ea
726 1083 940 1155 arbitrentur
952 1079 1091 1175 propria
1108 1077 1146 1148 vi
1171 1076 1297 1148 mentis

231 1199 394 1270 humanae
409 1199 456 1288 (id
473 1205 526 1270 est
548 1221 569 1268 o
579 1203 700 1290 priori)
719 1197 835 1290 detegi
852 1219 963 1290 posse,
980 1200 1168 1287 antequam
1194 1213 1298 1283 expe-

230 1305 351 1383 riendo
366 1311 573 1384 confirmari.
593 1305 693 1397 Quod
706 1311 749 1384 de
760 1309 935 1383 Leibnitio
947 1309 1069 1403 liquet,
1081 1305 1143 1400 qui
1155 1305 1296 1399 quidem

230 1425 268 1495 in
283 1449 323 1497 eo
337 1427 511 1521 praecipue
534 1427 603 1499 fuit
620 1425 854 1512 Cartesianus,
877 1445 1048 1517 quemque
1064 1443 1166 1492 nemo
1187 1417 1298 1490 nescit

230 1541 554 1612 mathematicorum
582 1539 880 1626 consuetudinem,
905 1543 953 1626 et,
977 1542 1018 1607 ut
1038 1533 1153 1607 Graeci
1183 1532 1295 1620 aiunt,

232 1655 351 1735 μέθοδον,
369 1677 473 1748 quam
498 1657 653 1727 maxime
671 1662 787 1748 posset
808 1654 845 1724 in
865 1649 1118 1746 philosophiam
1141 1655 1296 1718 transtu·

231 1766 312 1838 lissa
328 1773 354 1839 ¹.
372 1808 415 1822 -
432 1767 638 1849 Glissonius,
657 1770 773 1863 utqui
788 1770 825 1839 in
849 1766 993 1838 Bacenii
1014 1764 1128 1858 patria
1151 1761 1294 1847 vixerit,

230 1880 359 1975 quique
379 1906 400 1953 a
417 1883 590 1954 medicina
617 1891 821 1976 naturaeque
835 1879 1072 1974 indagatione,
1086 1898 1156 1949 non
1179 1877 1203 1947 a
1221 1897 1295 1946 ma·

227 1996 431 2085 thematica,
448 1997 636 2090 profectae,
654 1999 699 2068 ad
713 1996 966 2092 philosophiam
984 2001 1221 2086 transgressus
1235 1989 1293 2073 sit,

227 2110 330 2181 alteri
349 2111 489 2204 quidem
506 2111 680 2201 methodo,
698 2119 734 2183 et
752 2114 855 2202 longe
870 2110 1029 2198 diversae,
1042 2105 1292 2200 patrocinatur.

226 2224 327 2312 Nam,
341 2248 377 2294 v.
400 2249 449 2318 g,
467 2215 510 2296 de
524 2227 624 2297 modo
640 2225 845 2297 inveniendi
860 2222 1109 2296 similitudines
1124 2243 1239 2293 rerum
1255 2243 1296 2290 ac

226 2339 529 2411 dissimilitudines
544 2340 596 2412 ita
612 2341 720 2412 sentit
737 2363 745 2411 ε
769 2367 787 2407 n
800 2341 877 2412 Non
891 2338 1067 2432 fingendae
1081 2342 1219 2425 sunt...
1237 2355 1296 2405 ne-

224 2473 320 2524 cesso
335 2459 389 2524 est
402 2476 447 2525 ex
459 2453 543 2548 ipsis
559 2455 662 2526 rebus
675 2461 853 2548 petantur.
870 2452 1068 2525 Eliciuntur
1080 2449 1173 2522 enim
1192 2447 1292 2518 testi-

226 2565 285 2636 nio
300 2587 477 2657 sensuum,
499 2590 634 2661 nempe,
649 2569 846 2640 sensatione
855 2568 947 2639 circa
963 2589 1022 2638 eas
1036 2563 1158 2635 multis
1168 2561 1292 2651 modia,

226 2701 271 2749 ne
287 2681 399 2752 subsit
412 2679 564 2772 fallacia,
583 2675 690 2755 etiam
709 2682 878 2754 adhibitis
892 2680 1126 2767 adminiculis,
1143 2677 1293 2765 variata;

226 2789 446 2885 experientia
483 2796 671 2890 multiplici
677 2819 688 2886 ;
723 2797 965 2868 observatione
1003 2795 1141 2882 sedula;
1174 2795 1294 2862 analo·

225 2907 354 3000 gism03
378 2910 447 3002 (eui
469 2911 534 2982 soli
557 2912 671 2983 rarius
698 2910 876 2983 fidendum
881 2933 892 3000 ;
917 2911 987 2982 imo
1008 2931 1201 3002 nunquam,
1227 2907 1295 2978 nisi

227 3023 287 3093 ubi
317 3023 396 3096 aliis
421 3026 544 3098 mediis
565 3026 727 3099 destituti
753 3025 950 3118 fuerimus);
978 3022 1293 3118 argumentatione,

216 3137 283 3214 cui
297 3148 399 3211 caute
424 3162 561 3235 quoque
585 3140 873 3213 subscribendum
889 3147 954 3240 est.
978 3139 1110 3211 Verum
1126 3136 1156 3208 si
1173 3135 1294 3208 certis-

225 3249 313 3322 simo
339 3273 380 3322 ee
402 3252 580 3326 tutissima
607 3253 811 3326 inveniendi
836 3253 1023 3325 veritatem
1048 3249 1211 3322 methodo
1241 3248 1295 3322 uti

224 3365 409 3459 placuerit,
427 3368 569 3440 consule
585 3369 722 3440 Novum
737 3389 905 3460 organum
919 3365 972 3437 01.
992 3365 1035 3436 D;
1058 3364 1214 3452 Baconii,
1232 3385 1292 3444 cu-

219 3477 279 3570 jus
294 3481 464 3554 doctrinae
481 3481 639 3574 vestigiis
661 3482 690 3553 si
709 3480 860 3553 fideliter
874 3478 1058 3566 institeris,
1083 3477 1178 3548 haud
1201 3480 1292 3549 mul·
1399 3476 1402 3480 ’

224 3599 315 3683 tum,
332 3601 396 3664 aut
411 3593 528 3676 facile,
545 3617 662 3668 avero
684 3595 911 3667 aberraveris.
927 3621 944 3660 u
967 3595 1207 3678 lutetiorum,
1225 3603 1240 3675 5
1256 3589 1290 3662 6.

222 3706 325 3779 Hanc
345 3733 426 3781 vcro
449 3709 685 3783 Baconianam
716 3712 931 3800 methodum,
957 3727 1065 3805 quum
1089 3708 1126 3778 in
1150 3708 1293 3802 physica

222 3821 424 3914 plurimum,
434 3825 471 3896 in
486 3826 724 3920 metaphysica
734 3833 851 3899 autem
862 3826 951 3898 nihil
963 3828 1091 3913 valeat,
1101 3827 1171 3897 imo
1185 3832 1292 3897 mcta-

224 3937 378 4031 physicae
391 3961 434 4010 ex
450 3947 524 4011 toto
540 3947 724 4033 repugnet,
738 3941 849 4033 magis
863 3947 982 4014 noster
990 3941 1027 4012 in
1038 3941 1102 4012 hoe
1113 3963 1174 4012 suo
1187 3940 1291 4011 Trac-

223 4058 300 4121 tatu
315 4052 437 4123 laudat
449 4075 553 4146 quam
563 4054 732 4148 sequitur.
750 4055 890 4127 Etenim
901 4055 1016 4150 ipsum
1030 4055 1124 4126 hunc
1136 4053 1292 4126 ordinem

254 4232 316 4362 ‘mlle
337 4234 443 4283 amentio
466 4235 607 4285 uaiourclt
627 4251 673 4285 aru
696 4235 791 4287 calculo
820 4236 1008 4304 philosophico,
1036 4237 1074 4288 ed.
1102 4237 1235 4297 Erdmann,
1256 4250 1291 4297 xi,

220 4325 243 4375 p.
291 4350 297 4361 .
