3196 5228
695 641 833 709 ..3-

231 779 340 874 {rectis
367 782 472 851 rebus
499 779 737 873 doctrinisque
763 788 799 852 et
824 768 918 851 inter
943 803 980 852 se
1006 778 1155 869 collatis,
1181 785 1300 872 petere

231 915 433 986 pergamen
450 894 561 964 altera
576 893 679 964 alteri
693 916 775 965 vere
792 899 940 986 cognata
960 915 1033 964 esse
1053 891 1230 964 videatur.

275 1006 350 1078 Etsi
374 1013 492 1078 autem
515 1031 560 1078 ex
591 1007 806 1100 argumentis
840 1007 1011 1090 omnibus
1052 1015 1124 1078 tam
1153 1006 1301 1101 sumptis

232 1119 449 1191 extrinsecus
474 1143 577 1214 quam
604 1143 648 1191 ex
670 1121 745 1214 ipsa
764 1143 880 1192 rerum
900 1120 1157 1214 comparatione
1172 1120 1300 1213 ductio,

232 1233 349 1327 colligi
364 1234 484 1327 possit,
504 1242 540 1306 et
555 1233 750 1335 simillimas
765 1255 840 1307 esse
855 1242 1049 1308 nostrorum
1063 1237 1252 1326 doctrinas,
1266 1242 1303 1308 et

232 1339 445 1420 Leihnitium
467 1347 581 1420 videri
602 1371 672 1436 non
694 1350 795 1420 modo
815 1333 984 1422 Glissonii
1006 1357 1198 1423 tractatum
1219 1359 1303 1422 ante
1352 1364 1354 1368 ’

231 1462 357 1556 legisse
378 1485 483 1558 quam
507 1461 581 1556 ipse
601 1464 644 1535 de
667 1471 794 1534 natura
814 1464 1019 1535 substantiae
1044 1467 1224 1557 scriberet,
1241 1465 1303 1537 sed

232 1578 339 1650 etiam
354 1578 597 1648 commercium
614 1601 692 1649 cum
715 1579 791 1672 ipso
813 1578 976 1651 habuisse
984 1603 995 1670 ;
1010 1622 1054 1634 -
1069 1604 1139 1652 non
1154 1579 1231 1654 ideo
1250 1589 1304 1652 ta·

233 1715 312 1768 men
343 1702 517 1768 constaret
545 1693 760 1799 Germanicae
788 1696 1016 1791 philosophice
1040 1699 1234 1792 genitorem
1259 1702 1303 1772 ab

206 1871 207 1874 ,
232 1809 368 1904 anglico
393 1810 527 1882 medico
547 1813 659 1882 multa
684 1819 883 1882 mutuatum
907 1834 1009 1884 esse:
1032 1812 1205 1907 siquidem
1227 1813 1304 1886 fieri

232 1929 347 2018 posset
364 1931 405 1994 ut
419 1917 566 2016 uterque
580 1926 623 1994 ab
637 1929 709 1994 'uno
724 1925 912 2017 eodemque
926 1923 1036 2013 fonte,
1051 1926 1185 1998 scilicet
1199 1949 1302 2021 supe-

231 2037 363 2109 riorum
375 2043 570 2130 temporum
585 2035 814 2130 philosophia,
831 2061 892 2130 pro
909 2061 970 2110 suo
984 2040 1132 2134 quisque
1146 2040 1301 2134 ingenio,

232 2151 417 2224 hausisset.
430 2151 482 2222 De
497 2175 565 2246 quo
580 2153 644 2223 sub
658 2149 763 2223 finem
775 2151 953 2245 paulisper
961 2153 1029 2224 erit
1039 2153 1303 2247 disputandum,

232 2273 285 2356 ut,
301 2265 386 2359 quid
401 2267 448 2337 sit
471 2265 613 2358 utrique
637 2287 831 2351 commune,
859 2267 944 2359 quid
969 2267 1095 2362 cuique
1109 2269 1303 2363 proprium,

234 2378 387 2450 dilucide
415 2387 593 2474 appareat,
629 2402 693 2451 nec
722 2401 791 2451 non
816 2391 928 2452 causae
956 2379 1214 2474 intelligantur,
1243 2406 1307 2456 our

233 2493 345 2564 multa
361 2493 536 2579 similiter,
555 2493 656 2587 plura
671 2492 776 2567 aliter
788 2502 907 2570 mente
923 2496 1157 2592 conceperint.
