3196 5228
770 643 930 702 „62-

358 765 542 838 Materiam
555 766 702 860 primam
715 767 865 862 denique
882 799 900 834 u
920 792 995 841 esse
1008 763 1205 860 subjeetum
1226 766 1386 838 acciden-

313 882 404 952 tium
416 882 581 953 ultimum
596 911 613 947 a
630 905 769 954 necesse
785 891 849 964 est,
868 907 977 977 quum
995 883 1142 954 formam
1165 881 1385 952 materialem

314 1002 499 1085 sustentet,
519 1019 599 1089 quae
611 996 809 1088 proximum
822 1005 876 1067 est
889 997 1132 1090 plerorumque
1145 993 1385 1066 accidentium

314 1093 520 1200 subjeetum.
547 1109 621 1180 lmo
644 1133 741 1198 vero,
770 1111 967 1203 aliquorum
985 1109 1217 1181 accidentium
1234 1105 1386 1178 materia

314 1223 426 1315 prima
446 1252 464 1288 u
480 1223 675 1313 subjeetum
696 1223 935 1294 immediatum
953 1232 1019 1312 est,
1039 1255 1056 1288 a
1074 1246 1154 1316 quae
1172 1251 1189 1288 u
1205 1245 1243 1293 se
1265 1243 1387 1316 perpe-

315 1337 380 1408 tim
391 1337 573 1430 pereipiat,
591 1345 685 1408 amet
696 1347 732 1408 et
742 1338 834 1408 tueri
846 1339 1021 1408 nitatur.»
1037 1339 1234 1431 «Perpetuo
1246 1355 1387 1430 quoque

314 1450 384 1522 sibi
396 1452 531 1544 aliquas
548 1450 779 1522 dimensiones
796 1451 938 1532 retinet,
956 1453 1122 1522 »sedeas
1138 1481 1155 1515 α
1173 1449 1385 1521 1111111111-

314 1577 384 1648 tas;
414 1593 432 1632 »
464 1590 546 1635 nam
572 1596 588 1630 α
621 1566 845 1638 determinati
870 1565 1126 1637 dimensionum
1148 1564 1292 1637 termini
1315 1586 1388 1634 non

314 1675 474 1774 spectant
482 1681 528 1750 ad
541 1681 649 1751 istum
661 1680 923 1773 inadaequatum
936 1681 1093 1751 materiae
1103 1686 1309 1772 conceptum
1318 1700 1388 1772 quo

315 1795 444 1866 dieitur
459 1795 571 1888 prima
587 1819 650 1866 seu
665 1804 847 1888 perpetua.
864 1795 943 1884 VII,
958 1795 1076 1866 2527.
1094 1826 1110 1859 a

360 1908 461 1982 Circa
478 1910 661 1980 materiam
676 1911 863 1982 secundam
881 1915 891 1948 ¹
910 1933 980 1980 non
997 1920 1050 1980 est
1064 1912 1158 2003 quod
1170 1909 1233 1980 diu
1247 1908 1387 1979 detine-

314 2048 426 2094 amur.
441 2023 528 2094 Eam
542 2022 739 2095 Glissonius
753 2022 876 2094 definit
892 2053 909 2088 «
925 2031 1055 2094 statum
1066 2022 1332 2118 praeparationis
1344 2020 1391 2090 ad

312 2139 472 2227 formam,
496 2167 514 2202 »
541 2138 709 2230 ponitque
735 2138 829 2207 inter
846 2145 1012 2207 «statum
1033 2138 1167 2208 nudum
1187 2136 1263 2208 sive
1279 2134 1391 2206 infor·

313 2276 434 2324 mem»
454 2258 490 2322 et
504 2281 522 2316 u
538 2258 671 2321 statum
688 2250 920 2321 formatum.»
939 2249 1086 2322 Constat
1100 2250 1195 2322 enim
1207 2280 1225 2316 u
1237 2274 1293 2321 res
1308 2271 1391 2342 quae

314 2372 508 2453 mutantur,
536 2387 609 2434 non
642 2365 719 2435 sine
741 2365 884 2456 praeviis
909 2364 1176 2436 alterationibus
1201 2371 1238 2436 11
1260 2363 1391 2436 sensim

314 2479 360 2548 ad
374 2502 432 2549 eas
444 2479 658 2548 mutationes
672 2479 822 2572 disponi,
833 2502 896 2549 neo
908 2502 1014 2549 unam
1027 2502 1101 2550 rem
1113 2478 1213 2571 quasi
1224 2479 1389 2548 incanta-

314 2600 433 2662 mento
450 2601 512 2662 aut
522 2593 731 2663 miraculosa
743 2593 1059 2685 metamorphosim
1070 2591 1391 2664 aliamimmediate

313 2707 554 2777 transformari
578 2730 586 2776 :
613 2713 665 2775 Eu
687 2711 827 2794 quolibet
848 2711 934 2794 liquo
959 2730 1025 2776 noa
1042 2714 1077 2797 fit
1101 2711 1300 2790 Mercurios,
1323 2728 1391 2777 neo

315 2821 482 2915 quaelibet
495 2818 642 2892 materia
667 2827 748 2914 apte
766 2821 965 2914 disponitur
983 2821 1028 2890 ad
1047 2821 1226 2916 quodlibet
1246 2844 1350 2914 opust
1367 2850 1386 2885 »

316 2936 427 3006 «Duo
446 2941 564 3006 autem
587 2936 764 3028 generalia
784 2958 966 3005 causarum
987 2959 1116 3027 genera
1136 2935 1387 3006 mutabilitatis

314 3047 471 3118 materiae
482 3045 654 3140 assignari
668 3054 813 3140 queunt,
829 3071 939 3118 unum
952 3053 1148 3128 externum,
1171 3049 1321 3120 alterum
1334 3049 1388 3118 in·

312 3170 464 3232 ternum.
481 3158 576 3231 Illud
593 3160 735 3230 irritum
749 3159 851 3241 foret,
871 3159 940 3230 nisi
952 3161 1017 3230 hoo
1029 3160 1084 3231 illi
1104 3185 1167 3232 suo
1188 3163 1291 3232 modo
1306 3185 1388 3232 aus-

314 3273 477 3345 cultaret.
497 3305 514 3338 »
535 3273 637 3344 Illius
646 3260 791 3368 ¹generis
806 3280 890 3344 sunt
904 3275 1021 3345 omnia
1036 3277 1179 3368 agentia
1194 3276 1386 3364 naturalia,

315 3410 462 3480 quorum
476 3388 568 3479 quod
585 3388 764 3482 potentius
778 3393 833 3459 'est
848 3387 885 3458 in
898 3387 1106 3459 imbecillius
1119 3391 1308 3482 praevalet5
1323 3389 1390 3459 hu-

310 3499 382 3592 jus
404 3502 549 3594 praeviae
573 3503 735 3596 quaedam
749 3501 993 3594 dispositiones
1012 3503 1050 3572 in
1067 3505 1214 3574 materia
1230 3511 1387 3588 mutata,

315 3615 460 3704 seilicet,
475 3617 615 3688 interna
623 3616 785 3710 quaedam
799 3616 951 3687 facilitas
963 3617 1122 3707 cedendi,
1134 3618 1210 3690 sive
1221 3617 1389 3690 debilitas

315 3737 352 3800 et
364 3729 572 3823 impotentia
582 3730 780 3802 resistendi.
795 3721 975 3823 Siquidem
988 3730 1059 3801 alia
1073 3753 1216 3824 oorpora
1231 3731 1387 3817 facilins,

316 3844 386 3914 alia
417 3843 546 3936 aegribs
568 3845 612 3914 ab
634 3843 760 3914 iisdem
782 3844 968 3946 agentibus
997 3845 1249 3917 dissolvuntur.
1264 3887 1268 3890 -
1286 3841 1386 3929 VIII,

318 3960 388 4030 l·ll.
409 3987 427 4022 o
911 3954 915 3972 '

361 4071 485 4143 Causae
498 4095 581 4144 vero
596 4074 756 4165 quaedam
769 4073 1061 4167 particulariores,
1077 4075 1228 4145 multum
1249 4089 1389 4168 quoque

316 4187 452 4259 faciunt
464 4188 510 4258 ad
520 4211 637 4260 rerum
652 4189 937 4260 innovationem:
956 4197 1005 4276 ut,
1015 4181 1137 4282 primb‚
1160 4188 1389 4260 «destinatus

353 4383 361 4416 ¹
380 4375 416 4433 lle
425 4382 470 4432 hac
481 4383 553 4446 paulo
561 4381 632 4434 aliter
644 4383 782 4436 leibnitius.
796 4387 832 4436 Do
841 4388 901 4452 ipso
915 4393 1020 4448 pecoraq
1031 4389 1049 4450 ἓ
1061 4387 1098 4435 12.
