3196 5228
629 541 784 604 ..33-

172 689 246 741 esse
268 667 472 760 originalem
494 668 533 741 in
546 692 584 743 se
597 671 695 764 ipsa;
710 671 820 742 vitam
835 693 918 744 vero
936 670 1151 742 materialem
1167 689 1242 744 esse

172 779 430 876 participatam,
446 805 507 856 seu
526 783 667 857 aliunde
687 784 893 859 derivatam.
924 786 992 858 Res
1014 787 1108 858 enim
1122 781 1244 880 aperta

174 895 314 967 videtur
331 895 370 968 in
395 896 557 971 homine:
577 897 652 970 vita
668 899 743 990 ejus
755 900 918 994 provenit
932 924 953 970 a
965 899 1153 994 praesentia
1168 900 1243 972 sive

172 1007 418 1085 informatione
432 1014 772 1107 animaerationalis3
788 1039 828 1088 ea
839 1025 1012 1111 separata,
1022 1039 1115 1089 mors
1125 1015 1242 1108 sequi·

173 1134 232 1196 tur
249 1130 273 1197 ¹.
301 1157 317 1193 a

218 1242 276 1312 Illi
301 1245 407 1340 vulgo
436 1249 630 1320 decantatae
659 1248 829 1341 opinioni,
860 1247 1010 1320 animam
1032 1247 1243 1319 rationalem

176 1357 310 1450 eorpori
326 1359 478 1432 humano
493 1361 604 1433 vitam
626 1362 881 1435 communicare
895 1364 921 1450 ²,
941 1369 1059 1434 noster
1082 1363 1147 1434 hoo
1160 1361 1239 1454 qui·-

174 1474 254 1547 'dem
269 1475 343 1548 looo
357 1476 407 1547 nil
423 1477 558 1568 objioit;
576 1461 612 1549 id
622 1461 762 1550 tantum
776 1479 925 1571 regerit:
945 1511 959 1541 «
970 1480 1081 1572 ipsam
1092 1477 1245 1548 animam

173 1591 296 1661 saltem
325 1612 399 1662 esse
425 1591 588 1664 ultimum
619 1599 655 1664 et
685 1592 889 1684 originalem
923 1589 1116 1681 subjeetum
1144 1589 1245 1674 vitae,

174 1689 277 1796 quam
293 1705 427 1798 oorpori
449 1705 601 1778 humano
617 1705 861 1777 communicat.
879 1705 935 1776 Ita
957 1712 998 1776 ut
1021 1704 1136 1776 adhue
1155 1704 1245 1794 vita,

173 1828 333 1915 respectu
351 1821 499 1912 subjecti
518 1820 791 1892 fundamentalis
805 1821 842 1890 in
867 1845 934 1914 quo
949 1821 1061 1912 primo
1078 1820 1182 1906 inest,
1200 1818 1246 1888 sit

174 1935 248 2026 ipsa
263 1935 504 2007 substantialis
520 1943 645 2006 natura
663 1936 828 2027 ejusdem.
846 1963 863 2002 r>

219 2049 313 2134 Quid
329 2072 411 2120 vero
439 2051 483 2121 de
507 2051 621 2122 brutis
644 2051 853 2121 animalibus
879 2050 1078 2137 dicendum,
1099 2071 1247 2142 quorum

177 2171 270 2235 oerte
293 2164 420 2235 animae
435 2188 504 2236 non
522 2173 605 2237 sunt
620 2165 828 2237 substantiae
846 2187 907 2258 per
933 2188 968 2235 se
989 2164 1247 2236 subsistentes?

176 2277 300 2350 Nonne
313 2277 493 2350 fatendum
509 2284 561 2351 est
581 2279 691 2349 vitam
708 2280 752 2350 ab
771 2278 849 2350 istis
869 2277 995 2349 animis
1016 2276 1247 2370 profluentem

176 2412 246 2461 non
261 2413 336 2464 esse
353 2392 641 2464 substantialem?
661 2431 704 2444 -
727 2391 804 2464 Non
830 2414 913 2463 vero
938 2389 1101 2463 coneedit
1118 2388 1249 2462 Glisso-

174 2502 255 2574 nius
268 2504 379 2577 vitam
390 2505 487 2576 abiis
495 2504 734 2576 materialibus
752 2503 877 2574 animis
890 2503 1062 2597 profluere
1074 2504 1103 2591 ³,
1120 2502 1248 2597 quippe

176 2634 255 2705 quae
279 2633 350 2683 non
369 2613 577 2684 substantiae
597 2613 682 2695 sint,
698 2611 758 2682 sed
781 2618 921 2682 tantum
944 2641 961 2675 «
981 2611 1074 2682 modi
1090 2610 1249 2681 materiae

177 2725 380 2798 essentiales
398 2733 434 2798 et
449 2726 554 2798 simul
565 2725 703 2798 vitales.
726 2755 743 2790 »
836 2755 851 2790 «
876 2726 1087 2819 Supponunt
1114 2723 1249 2816 (igitur)

178 2841 371 2933 subjeetum
390 2865 427 2914 se
449 2842 558 2935 prius,
582 2842 673 2935 quod
697 2839 957 2912 modificant...
973 2868 990 2908 »
1013 2836 1126 2924 «Qua
1139 2861 1245 2932 prop-

176 2963 230 3027 ter
248 2957 395 3028 materia
426 2963 479 3028 est
502 2956 665 3026 ultimum
695 2979 755 3027 seu
775 2953 925 3049 primum
953 2954 1146 3025 materialis
1163 2953 1249 3024 vitoe

180 3068 387 3161 subjeetum.
409 3067 565 3164 Cumque
581 3069 671 3141 nihil
692 3069 829 3140 oharius
848 3075 911 3140 aut
925 3066 1085 3138 intimius
1099 3066 1146 3138 sit
1169 3068 1247 3138 oui-

178 3185 265 3256 libet
288 3185 443 3276 subjeoto
463 3185 526 3256 sua
549 3184 636 3272 vita,
653 3183 765 3278 liquet
791 3185 883 3255 hane
908 3205 983 3256 esse
997 3182 1155 3255 materiae
1169 3182 1251 3254 inti·

181 3323 274 3371 mam
300 3307 337 3371 et
373 3299 640 3394 inseparabilem
674 3299 871 3372 essentiam.
902 3298 1034 3370 Verum
1066 3297 1149 3391 quia
1176 3297 1252 3390 ipsa

181 3413 331 3487 essentia
356 3412 513 3485 materiae
543 3414 649 3486 variis
672 3412 987 3486 modificationibus
1015 3411 1165 3484 obnoxia
1184 3420 1251 3500 est,

182 3528 256 3619 ejus
284 3550 421 3622 quoque
445 3528 521 3598 vita
546 3527 642 3599 varie
667 3525 859 3599 modificari
884 3533 1000 3619 potest
1005 3547 1017 3615 ;
1049 3532 1085 3598 et
1107 3547 1147 3597 eo
1175 3524 1251 3617 ipso

181 3647 330 3731 constat,
351 3640 534 3713 materiam
558 3641 644 3714 vitae
667 3641 818 3714 radicem
838 3640 875 3712 in
899 3664 937 3712 se
952 3642 1142 3713 continere.
1174 3638 1250 3723 Quo

213 3897 222 3931 ⁴
241 3895 280 3946 Ad
292 3897 425 3954 lectoren,
439 3893 488 3958 27.

213 3977 225 4016 ²
240 3975 269 4027 V.
290 3977 348 4026 Paul
364 3975 443 4037 lanea,
455 3975 492 4025 Do
503 3974 615 4040 plastica
626 3977 730 4024 natura
744 3972 801 4021 aito
813 3983 870 4033 qua
882 3984 899 4021 o
913 3969 1067 4022 cadmea-tto
1078 3969 1106 4018 ia
1121 3973 1255 4031 systemate

181 4057 351 4110 intellectuali
362 4053 593 4108 celebratata-Fr.
605 4053 733 4112 Romilia,
749 4054 779 4102 le
787 4052 908 4116 principe
917 4049 983 4101 vimi
994 4056 1018 4098 et
1029 4047 1104 4099 t'ame
1114 4053 1255 4113 pensante.

183 4165 212 4174 —
224 4141 254 4189 Α.
267 4139 390 4200 Lemniae,
404 4139 435 4188 le
450 4137 579 4188 Vitalisme
591 4139 616 4186 et
625 4133 785 4186 t'Aaimisme
796 4132 827 4182 de
841 4131 925 4181 Stati.

214 4219 225 4254 θ
242 4219 282 4270 Gl.
299 4219 383 4270 teitu.
397 4218 503 4271 consid.
514 4216 592 4268 sorte
603 4214 784 4281 primaerio.
800 4212 896 4274 Erdm„
910 4227 933 4276 p.
947 4211 1002 4263 lla.

272 4293 354 4373 usarii
376 4333 487 4374 maroa.
1094 4309 1111 4365 3
