3156 5232
577 643 695 707 -ιιι
718 679 758 694 -

136 793 205 844 non
229 777 375 867 possunt
396 770 545 844 ulterius
566 769 648 843 actu
669 769 803 861 dividi;
828 777 1032 845 nontamen
1054 771 1137 846 inde
1155 793 1209 846 se·

137 886 259 980 quitur
280 909 355 960 esse
377 885 549 981 principia
579 892 728 958 naturae.
758 885 898 958 Etenim
928 887 1100 982 principia
1122 890 1210 964 inte-

136 1001 276 1093 grantia
290 1023 359 1094 qua
375 1000 462 1071 talia
486 1000 659 1095 integram
681 999 959 1093 magnitudinem
983 1011 1207 1096 componunt,

137 1112 199 1185 sed
215 1115 280 1186 hoc
299 1102 440 1187 nomine
461 1121 623 1186 naturam
645 1136 714 1186 non
729 1114 914 1186 definiunt.
936 1115 1129 1210 Siquidem
1145 1141 1210 1189 nu·

138 1251 253 1300 merus
272 1240 465 1300 atomorum
486 1251 609 1322 corpus
629 1227 770 1322 aliquod
793 1229 1065 1322 ingredientium
1089 1233 1210 1325 cogni-

138 1351 210 1434 tus,
226 1345 334 1416 solam
348 1343 505 1416 materiae
524 1345 663 1429 molem,
680 1363 749 1414 non
766 1342 878 1436 legem
896 1343 1076 1437 operandi,
1090 1345 1126 1419 in
1141 1369 1210 1440 qua

139 1467 266 1531 natura
297 1457 475 1544 consistit,
511 1456 656 1552 detegit.
685 1456 815 1528 Verum
846 1455 955 1549 aliqui
984 1457 1211 1550 pertinaciter

138 1570 368 1659 contendunt,
381 1571 486 1644 aliam
498 1579 659 1644 naturam
674 1577 803 1664 praeter
817 1570 1109 1662 magnitudinem,
1120 1570 1210 1665 figu·

137 1709 210 1758 ram
238 1692 276 1759 et
297 1693 431 1758 motum
461 1686 618 1766 localem,
647 1707 717 1756 non
747 1707 822 1756 esse
849 1683 1115 1777 quaerendam...
1143 1687 1208 1758 Sed

136 1800 230 1873 unde
247 1801 386 1872 motus?
406 1800 587 1872 Internum
605 1807 720 1870 motus
743 1798 953 1893 principium
968 1797 1006 1869 id
1020 1799 1135 1892 ipsum
1157 1807 1211 1871 est

137 1916 229 2010 quod
257 1915 397 1986 nomine
422 1902 559 1987 naturae
590 1915 762 2008 quaeritur
775 1917 801 1984 ¹.
827 1912 953 1984 Fateor
974 1919 1090 2006 partes
1116 1910 1209 1984 inte·

135 2034 277 2120 grantes
300 2047 399 2119 posse
419 2027 698 2120 magnitudinem
716 2033 752 2097 et
766 2025 914 2118 figuram
929 2032 1121 2097 exstruere.
1142 2027 1210 2098 Sed

137 2138 221 2231 quid
244 2146 380 2211 motum
402 2140 532 2212 efficit?
555 2140 762 2234 Magnitudo
782 2162 837 2211 res
858 2139 998 2233 stupida
1017 2147 1082 2230 est,
1099 2140 1212 2233 figura

137 2254 266 2347 ignava
275 2277 285 2345 3
302 2260 451 2348 utraque
464 2277 526 2349 per
541 2277 577 2328 se
592 2277 686 2328 mere
700 2254 852 2346 passiva.
879 2255 1010 2326 Neutra
1029 2255 1149 2348 itaque
1167 2257 1209 2326 ad

138 2369 311 2442 actionem
343 2377 407 2442 aut
434 2378 567 2442 motum
593 2369 829 2441 inchoandum
860 2368 946 2441 satis
974 2377 1207 2462 comparatur.

136 2482 252 2556 Motus
275 2491 327 2557 est
343 2483 486 2558 effectus
510 2491 648 2555 naturae
662 2482 848 2572 moventis,
865 2504 934 2553 non
950 2481 1024 2576 ipsa
1038 2489 1206 2554 natura...

136 2597 212 2670 Non
238 2596 340 2670 video
365 2620 432 2692 quo
453 2596 533 2689 jure
557 2596 663 2668 solius
687 2596 854 2690 positurae
879 2595 1067 2667 variationi
1089 2603 1209 2668 tantas

136 2720 251 2804 partes
277 2711 489 2784 adscribant.
514 2711 739 2782 Manifestum
757 2709 850 2782 enim
868 2715 921 2782 est
936 2732 1052 2782 rerum
1075 2711 1208 2804 speeies

135 2824 1210 2918 mmmmmfflffldeQQQWMmmmfflmm

134 2940 356 3012 essentialem
377 2941 610 3020 differentiam
625 2942 688 3012 vix
708 2941 950 3034 suppeditat...
971 2940 1112 3032 Organa
1127 2940 1205 3033 qui·

136 3059 214 3129 dem
239 3057 372 3130 virtute
400 3058 671 3151 organisationis
698 3059 772 3129 vim
796 3058 981 3151 quamdam
1008 3057 1206 3150 organicam

136 3171 201 3243 sibi
226 3170 428 3244 adsiscunt:
444 3173 505 3243 sed
530 3194 656 3243 nomen
681 3179 819 3242 naturae
842 3171 905 3243 vix
921 3179 1113 3258 merentur,
1130 3192 1207 3242 cum

136 3284 207 3355 sint
221 3283 324 3376 hujus
345 3283 599 3373 instrumenta3
618 3307 698 3377 quae
712 3307 752 3356 co
766 3284 836 3354 fine
853 3305 983 3376 organa
998 3284 1206 3372 construxit,

140 3405 181 3468 ut
199 3398 242 3470 iis
258 3421 320 3492 pro
338 3421 376 3470 re
392 3405 476 3469 nata
499 3405 666 3491 tanquam
691 3398 762 3469 suis
786 3404 918 3468 utatur.
946 3395 1061 3482 Quare
1083 3404 1209 3468 natura

140 3511 208 3583 alia
230 3534 285 3583 res
309 3520 363 3584 est
384 3534 488 3606 quam
512 3534 592 3606 quae
615 3512 650 3582 in
672 3511 920 3606 compositione
943 3512 1095 3604 partium
1118 3512 1208 3582 inte·

139 3626 316 3717 grantium
331 3626 518 3720 quaerenda
532 3626 591 3699 sit.
609 3655 626 3692 ι
646 3626 793 3716 XXXII,
810 3627 863 3698 14.

138 3769 141 3776 ·
184 3740 327 3812 infinita
350 3749 467 3813 autem
493 3741 621 3812 divisio
637 3743 680 3813 de
695 3764 764 3835 qua
778 3742 836 3813 hic
852 3739 1055 3834 inquiritur,
1074 3740 1119 3812 ad
1132 3756 1208 3834 par·

139 3861 191 3925 tes
206 3861 345 3944 tantum
360 3854 578 3947 integrantcs
601 3862 748 3947 spectat,
765 3877 852 3948 quas
875 3854 1040 3948 supponit
1062 3861 1143 3926 actu
1157 3855 1209 3925 in·

139 3966 256 4038 finitas
274 3989 360 4057 esse,
378 3989 439 4038 seu
453 3989 588 4060 semper
607 3988 707 4065 posse
721 3975 803 4038 actu
817 3967 966 4038 ulterius
986 3967 1110 4039 dividi.
1130 3967 1209 4040 «Ea

169 4167 180 4204 ¹
195 4164 278 4217 Leito.
293 4168 328 4216 Dc
347 4168 407 4230 ipro
422 4168 533 4228 Natura,
548 4166 579 4217 3:
591 4165 738 4228 «originem
754 4166 826 4228 ipsius
837 4165 996 4217 mechanismi
1007 4179 1036 4216 cx
1047 4167 1131 4218 altiore
1144 4181 1208 4232 quo·

139 4247 193 4298 dam
206 4251 239 4310 et,
251 4254 278 4296 ut
289 4247 324 4296 sic
334 4247 421 4305 dicam,
433 4245 597 4310 metaphysica
610 4247 675 4295 sonte
685 4244 793 4297 linxisse.
803 4246 923 4310 -Epist
934 4248 968 4298 ad
980 4247 1052 4298 Fred.
1064 4242 1208 4313 lloffmami,

140 4327 233 4390 aaa,
249 4342 274 4392 ρ.
286 4327 339 4378 ιιι.
352 4354 381 4364 -
393 4325 592 4386 macerare,
607 4342 630 4390 ρ.
641 4325 698 4392 ιιι,
711 4327 724 4390 ι
739 4327 792 4390 ιιι,
805 4327 858 4391 ιιι,
871 4327 926 4379 ιιι.

227 4447 309 4486 uanus
328 4445 439 4486 aaaron.
1050 4426 1068 4483 8
