3196 5228
606 680 644 693 ..
665 643 704 708 55
725 681 765 693 -

202 763 375 848 «Formae
403 797 546 869 corpora
572 770 787 867 speoifioant,
819 778 855 844 et
883 769 927 840 ab
953 767 1115 842 omnibus
1143 765 1223 840 aliis

148 897 257 983 primo
274 891 509 984 distinguunt.
527 889 761 983 Proprietates
778 909 915 982 quoque
941 885 1072 980 speeies
1099 883 1223 956 distin-

152 1012 277 1099 guunt,
295 1003 354 1077 sed
379 1028 448 1075 non
464 1009 575 1094 primo
600 1017 629 1074 et
651 1006 859 1074 radicaliter.
880 1030 896 1068 »
916 1029 933 1066 κ
957 1001 1007 1073 Ut
1026 995 1222 1092 subjeetum

152 1117 307 1212 possidet
321 1140 422 1188 suum
437 1115 609 1205 aooidens,
626 1115 677 1187 ita
694 1114 842 1186 materia
860 1113 1013 1206 possidet
1034 1135 1132 1184 suam
1151 1110 1237 1202 ior·¹

58 1247 60 1254 ’
153 1255 258 1321 marn,
275 1239 311 1303 et
333 1237 408 1302 tota
432 1231 585 1323 dignitas
608 1229 730 1300 formae
753 1228 791 1300 in
808 1226 990 1300 materiam
1006 1231 1095 1318 (eam
1120 1249 1164 1297 ne
1187 1225 1224 1296 in

154 1343 304 1415 nibilum
328 1350 408 1415 ruat
432 1342 701 1435 suffulcientem)
726 1342 978 1438 quodammodo
1000 1340 1223 1414 transfertur.

155 1457 383 1550 Operationes
398 1481 534 1553 quoque
549 1459 671 1530 formae
689 1460 901 1553 (quanquam
921 1479 990 1527 non
1013 1453 1224 1545 immediate)

155 1571 313 1643 materiae
332 1571 455 1643 ultimb
467 1565 649 1645 debentur.
671 1602 688 1638 a
707 1571 770 1662 IX,
784 1571 818 1660 7,
836 1569 869 1642 8.

165 1691 168 1699 ’
200 1694 401 1767 Formarum
425 1703 542 1769 autem
565 1719 679 1769 causae
702 1695 912 1792 quaesunt?
935 1715 1014 1789 quae
1039 1691 1229 1765 materialis

158 1832 275 1899 causa,
289 1833 369 1904 quae
383 1810 562 1883 efficiens?
580 1853 623 1865 -
649 1839 665 1876 a
683 1809 876 1882 Materialis
899 1831 1003 1880 oausa
1025 1806 1149 1878 formae
1177 1812 1232 1877 est

158 1922 303 1994 materia
317 1925 361 1996 ab
378 1923 553 1996 efficiente
567 1927 723 2013 subacta,
740 1925 805 1996 hoo
815 1929 869 1995 est
877 1921 1021 2018 praeviis
1033 1919 1229 2014 dispositio-

157 2037 259 2107 nibus
274 2059 337 2109 seu
350 2035 593 2108 affectionibus
607 2037 731 2108 ultime
749 2043 985 2132 praeparata...
1000 2033 1148 2106 Materia
1161 2055 1230 2104 non

157 2157 297 2221 tantum
310 2150 448 2244 passive
462 2151 523 2222 sed
537 2156 573 2222 et
587 2151 701 2222 aetivb
719 2152 764 2222 ad
777 2151 900 2222 formae
915 2149 1134 2222 eductionem
1148 2171 1230 2220 oon-

159 2263 280 2336 ourrit.
298 2264 436 2336 Etenim
452 2265 624 2337 inultimo
636 2273 716 2338 actu
730 2265 999 2360 praeparationis
1014 2263 1230 2335 non‘tantum
1306 2247 1308 2255 ¹

159 2386 241 2473 apta
266 2387 320 2451 est
343 2377 489 2452 formam
505 2379 604 2474 quasi
629 2383 672 2451 ab
697 2388 798 2452 extra
816 2381 1016 2453 venientem
1043 2375 1229 2470 suscipere,

162 2493 402 2566 verumetiam
419 2518 495 2567 eam
507 2497 600 2567 ultro
617 2497 757 2566 abintus
773 2519 792 2568 e
814 2519 876 2567 suo
900 2517 993 2589 penu
1015 2500 1051 2566 et
1074 2490 1232 2587 potentia

159 2609 318 2680 eduoere.
341 2637 359 2676 a
375 2609 421 2696 X,
451 2610 482 2680 1.
513 2639 530 2676 a
558 2611 706 2682 Praeviae
730 2617 847 2682 autem
871 2607 1133 2704 dispositiones¹
1152 2608 1231 2679 abs·

161 2746 227 2816 que
251 2723 388 2794 autibus
411 2723 637 2817 percipiendi,
675 2725 874 2818 appetendi,
905 2730 941 2796 et
972 2721 1135 2796 eliciendi
1159 2719 1229 2793 for-

160 2860 265 2925 mam,
300 2837 532 2927 intermediis
571 2837 646 2930 ejus
671 2838 934 2934 productionem
966 2837 1139 2931 attingere
1170 2858 1231 2908 ne-

162 2956 306 3044 queunt.
339 2950 491 3046 Ideoque
519 2952 645 3023 ultima
688 2952 876 3024 causalitas
903 2951 1061 3024 materiae
1089 2950 1235 3022 vitalem

162 3067 264 3158 hujus
294 3088 513 3156 coneursum,
550 3073 722 3160 quatenus
755 3075 808 3139 est
847 3066 1045 3138 substantia
1082 3064 1166 3136 viva
1200 3071 1236 3134 et

164 3177 215 3249 sni
229 3178 434 3272 perfectiva,
452 3179 616 3250 involvit.
638 3211 655 3246 »
674 3177 719 3270 Χ,
744 3177 777 3250 3.
795 3177 872 3250 Hoo
887 3179 998 3272 igitur
1018 3179 1119 3250 modo
1142 3199 1234 3271 prae·

165 3294 232 3363 viae
246 3293 490 3386 dispositiones
502 3294 540 3366 in
551 3295 734 3366 materiam
750 3301 884 3388 agunt:
904 3292 1009 3386 «ejus
1024 3301 1096 3366 tres
1108 3291 1236 3389 primas

165 3407 359 3496 facultates
389 3407 638 3502 pereeptivam‚
668 3408 897 3502 appetitivam
923 3416 959 3481 et
984 3408 1166 3494 motivam,
1191 3404 1236 3476 ad

167 3521 390 3593 deserendam
409 3519 555 3592 formam
568 3529 722 3594 veterem
742 3545 802 3593 seu
819 3528 1039 3616 praesentem,
1058 3529 1096 3594 et
1112 3523 1157 3593 ad
1172 3543 1236 3592 no-

167 3657 245 3705 vam
259 3635 479 3707 ambiendam
494 3635 664 3726 excitant,
680 3636 865 3731 simulque,
883 3643 1053 3731 quantum
1076 3643 1236 3730 possunt,

166 3749 261 3820 illam
278 3748 449 3840 demoliri,
472 3750 563 3822 hano
582 3750 806 3840 substituere,
830 3758 1021 3844 satagunt:
1052 3751 1090 3822 in
1112 3748 1238 3820 ultimo

168 3872 282 3934 autem
299 3865 563 3957 praeparationis
578 3873 660 3937 aotu
668 3865 766 3936 illam
782 3873 998 3960 expugnant,
1011 3873 1047 3936 et
1056 3861 1237 3967 materiam

168 3977 210 4048 ad
224 3979 314 4051 hano
328 3979 543 4051 educendam
558 3979 804 4052 determinant.
819 3979 1009 4052 Continent
1020 3979 1114 4052 enim
1124 3978 1249 4060 ideam¹

168 4093 287 4165 formae
301 4093 594 4189 educendae,quae
609 4093 769 4166 faonltati
783 4095 993 4188 pereeptivae
1007 4094 1165 4196 materiae
1180 4092 1246 4189 οἱ»

165 4204 296 4298 jioitur,
312 4217 349 4281 et
367 4209 628 4304 perfectionem,
647 4209 945 4303 pulchritudinem
962 4217 1069 4304 atque
1085 4229 1237 4301 oongru·

170 4323 298 4395 entiam
311 4325 433 4396 formae
447 4325 574 4396 oblatae
596 4347 675 4395 eum
693 4325 850 4414 materia,
867 4332 1039 4420 quatenus
1056 4323 1106 4396 sio
1127 4323 1240 4417 dispo·

258 4471 340 4511 unsar
360 4472 471 4513 aaaron.
1081 4457 1098 4515 5
