3156 5232
651 557 811 629 ..87-

196 686 297 759 randi
314 690 446 774 statum
457 707 559 784 suum
571 683 661 757 hano
674 684 937 758 innovationem
948 685 1164 778 aggreditur,
1178 689 1266 782 Agit

195 802 276 894 ergo
293 807 434 895 propter
445 797 690 891 finem3finem
713 823 794 894 ergo
810 799 959 894 percipit
975 808 1011 871 et
1034 802 1184 894 appetit3
1211 828 1265 877 aa

194 913 314 1007 tioque
328 920 581 1007 consequenter
599 919 653 984 est
674 911 808 1009 vitalis.
834 912 1003 984 Miraoulo
1023 913 1136 986 simile
1159 915 1262 1006 foret,

194 1028 224 1100 si
238 1025 415 1110 naturalia
432 1028 573 1120 agentia
590 1051 672 1100 oasu
684 1033 921 1118 moverentur,
938 1035 974 1099 et
997 1027 1139 1100 interim
1161 1053 1264 1124 regu-

194 1143 315 1215 lariter
331 1163 467 1235 semper
482 1148 640 1235 agerent,
656 1157 836 1235 nunquam
852 1143 895 1213 ab
911 1141 1040 1235 optimo
1055 1164 1157 1238 soopo
1167 1147 1263 1218 aber·

192 1263 324 1345 rorent,
339 1262 506 1349 perpetuo
521 1253 626 1326 finem
642 1253 794 1327 maxime
811 1254 1035 1348 appetibilem
1050 1255 1161 1344 insola
1171 1281 1263 1331 asse·

193 1376 395 1467 querentur.
416 1369 531 1454 Quare
545 1370 607 1443 ubi
623 1371 766 1442 abintus
781 1376 980 1463 operantur,
1007 1373 1169 1444 accurate
1188 1397 1263 1468 per·

191 1485 328 1580 oipiunt
346 1492 383 1558 et
396 1483 593 1579 praevident
608 1483 742 1555 exitum
759 1505 819 1554 seu
833 1481 940 1555 finem
955 1485 1059 1578 coepti
1077 1487 1202 1580 operia,
1225 1496 1262 1561 et

191 1600 321 1672 direet'e
335 1601 380 1670 ad
392 1600 552 1671 eumdem
565 1597 756 1670 collimant.
771 1625 788 1662 a
807 1595 920 1686 XVII,
937 1597 971 1668 7.
1097 1683 1099 1687 v

232 1712 312 1785 Jam
328 1713 373 1786 ad
387 1713 557 1789 minorem
571 1733 634 1782 nos
648 1709 866 1784 conferamus
882 1734 890 1782 ε
909 1717 1070 1785 naturam
1093 1717 1260 1788 substan·

188 1829 249 1898 tiae
264 1825 455 1898 materialis
467 1848 542 1898 esse
555 1824 734 1897 internum
749 1825 865 1897 motils
886 1825 1109 1921 principium.
1135 1859 1153 1896 «
1175 1830 1259 1903 Pro·

187 1943 304 2025 batur,
319 1940 410 2026 Quia
426 1947 553 2012 natura
569 1946 623 2010 est
641 1938 768 2010 ultima
783 1945 819 2010 et
840 1939 1004 2012 radicalis
1027 1965 1131 2016 eausa
1142 1955 1259 2024 ‘mate-

187 2055 284 2127 rialis
294 2061 330 2128 et
345 2053 547 2126 suffulciens
556 2054 746 2125 formarum
758 2051 1005 2143 materialium,
1023 2057 1260 2132 subsistentia

187 2168 346 2258 modalis,
363 2166 588 2261 omniumque
606 2165 859 2260 proprietatum
886 2174 922 2240 et
942 2168 1177 2258 accidentium
1200 2199 1259 2247 na-

186 2283 371 2371 turalium,
388 2304 536 2376 quorum
550 2284 594 2353 ab
618 2280 735 2374 aliquo
750 2303 870 2352 omnes
890 2283 1108 2375 operationes
1120 2310 1258 2381 proma·

185 2404 285 2470 naut.
313 2396 376 2468 Est
405 2418 487 2488 ergo
514 2393 670 2468 efficiens
699 2417 802 2466 eausa
832 2394 989 2467 omnium
1018 2401 1257 2491 operationum

186 2509 411 2598 naturalium,
430 2515 467 2580 et
489 2513 741 2602 cousequenter
761 2507 871 2602 ipsius
891 2510 1006 2582 motils
1027 2513 1095 2607 qut
1113 2522 1256 2589 natura-

183 2627 270 2698 lis...
287 2622 426 2695 Etenim
436 2622 471 2714 si
485 2629 611 2694 natura
621 2619 895 2694 fundamentalis
906 2625 1113 2719 substantiae
1127 2627 1256 2704 formas

182 2738 392 2828 materiales,
410 2739 500 2832 (quae
516 2735 723 2830 emergetioae
742 2739 846 2824 sunt),
864 2759 928 2808 neo
942 2760 1012 2809 uon
1027 2741 1255 2834 proprietates

182 2864 218 2927 et
234 2851 429 2926 accidentia
454 2849 641 2938 naturalia,
667 2853 760 2944 (quae
776 2849 975 2942 energetioa
996 2873 1133 2947 quoque
1157 2864 1251 2949 sunt)

181 2965 369 3056 suffuleiat,
391 2985 533 3036 neeesse
551 2969 605 3034 est
631 2983 749 3034 omnes
768 2963 946 3034 naturales
971 2967 1187 3058 operationes
1210 2975 1254 3044 ab

181 3107 222 3156 ea
244 3090 413 3176 tanquam
434 3079 477 3150 ab
505 3077 766 3166 ultimaearum
790 3074 924 3168 origine
945 3077 1152 3153 soaturiant.
1174 3084 1251 3158 Non

183 3198 275 3269 enim
295 3202 349 3268 est
377 3192 549 3266 naturalis
574 3189 741 3284 operatio,
767 3189 833 3260 nisi
860 3193 917 3262 vel
939 3215 960 3262 a
980 3196 1138 3284 materia,
1162 3200 1254 3271 vela

185 3313 308 3396 forma,
327 3309 383 3381 vel
397 3333 418 3380 a
432 3306 642 3402 proprietate
664 3305 794 3398 aliqua,
809 3307 866 3376 rel
888 3308 932 3377 ab
949 3307 1129 3382 accidente
1151 3322 1253 3386 natu·

185 3429 250 3501 rali
263 3425 460 3522 proveniat.
476 3422 563 3508 Quae
577 3421 693 3495 omnia
708 3421 832 3512 ultimo
847 3422 1044 3516 dependent
1056 3426 1112 3514 ab,
1125 3435 1162 3499 et
1175 3427 1253 3500 fun-

185 3546 314 3616 dantur
326 3541 376 3630 in,
392 3538 535 3627 radicali
550 3535 757 3610 substautiae
780 3543 918 3632 natura,
934 3560 1013 3630 quae
1032 3539 1105 3610 sola
1125 3527 1178 3612 est
1191 3565 1252 3637 per

185 3679 232 3744 se,
254 3662 291 3726 et
312 3659 439 3724 caetera
459 3649 575 3721 omnia
597 3655 764 3741 tauquam
784 3654 959 3721 creaturas
981 3674 1061 3722 suas
1076 3652 1119 3743 (si
1133 3657 1253 3726 analo·

184 3768 259 3862 gine
275 3764 403 3840 astioni
410 3763 597 3838 creationis
605 3783 803 3854 comparare
812 3762 975 3852 lioeatlin
986 3787 1023 3837 se
1033 3773 1249 3844 sustentat...

185 3883 297 3956 Causa
311 3902 425 3954 oausae
437 3884 490 3950 est
502 3899 607 3970 eausa
620 3875 767 3948 causati.
783 3901 800 3942 r
821 3876 934 3966 XVII,
954 3876 989 3949 8.

229 3992 399 4082 Secundo,
425 4021 442 4057 «
465 3989 630 4086 quioquid
651 3990 859 4063 naturaliter
882 3999 1057 4085 operatur,
1075 4018 1137 4089 per
1158 3996 1249 4082 idern

183 4108 393 4205 principium
409 4112 584 4199 operatur,
600 4125 662 4197 per
676 4105 769 4197 quod
783 4111 836 4176 est
853 4128 860 4176 :
878 4112 915 4176 at
930 4107 1043 4178 omnis
1054 4111 1250 4182 substantia

182 4221 320 4317 propri'a
333 4219 427 4290 diota
440 4241 502 4312 per
513 4217 691 4291 internum
706 4216 915 4316 principium
935 4227 1011 4290 est:
1027 4221 1109 4312 ergo
1122 4245 1183 4314 per
1196 4224 1249 4294 in·
