3196 5228
591 1697 691 1772 CAP.
716 1700 780 1772 111.

512 2055 658 2106 Tractatus
674 2054 820 2120 exponitur
830 2055 863 2120 (1)

154 2276 178 2317 Α.
192 2275 224 2320 Da
237 2273 360 2320 substantia
370 2274 391 2317 in
403 2286 489 2328 genere.
499 2274 562 2318 —Da
571 2279 661 2317 natura
670 2273 812 2317 substantia
821 2274 1010 2327 fundameneati.
1022 2277 1052 2319 De
1060 2277 1216 2322 subsistentia

499 2346 603 2401 modali,
615 2357 652 2389 san
667 2346 872 2399 suppostsatisase.

444 2424 471 2468 B.
488 2423 518 2468 llo
532 2424 637 2467 matuta
650 2427 673 2468 at
685 2425 778 2468 Forma
791 2425 925 2470 macerari.

199 2741 314 2828 Quum
334 2763 471 2812 omnem
487 2745 649 2811 naturam
674 2740 804 2830 vivere,
826 2762 962 2824 omnem
985 2738 1217 2812 substantiam

156 2857 387 2950 energeticam
421 2879 494 2929 esse
528 2855 715 2930 contendat
742 2853 956 2942 Glissonius‚
985 2879 1064 2928 cum
1096 2883 1114 2922 «ε
1145 2861 1217 2927 tres

152 2972 274 3064 primae
297 2970 495 3062 facultates,
516 3000 532 3036 »
552 2973 596 3044 de
617 2968 743 3065 quibus
768 2977 909 3042 acturus
933 2977 998 3058 est,
1024 2997 1042 3036 ι(
1065 2969 1109 3041 ad
1134 2971 1217 3042 sub-

154 3085 320 3157 stantiam
340 3086 377 3156 in
399 3108 524 3178 genere
548 3091 717 3179 spectent,
736 3106 838 3156 »non
862 3107 961 3177 posse
985 3083 1052 3156 sibi
1076 3083 1218 3156 videtur

152 3220 220 3268 non
250 3226 267 3264 a
297 3198 446 3292 paucula
475 3199 519 3270 de
546 3197 741 3270 substantia
768 3196 805 3267 in
833 3219 959 3288 genere
988 3196 1213 3289 praemittere,

153 3312 306 3406 adeoque
329 3311 415 3384 istas
437 3310 621 3384 facultates
636 3335 657 3382 a
673 3333 736 3382 sua
753 3310 865 3403 prima
879 3309 1012 3402 origine
1031 3308 1212 3399 deducere,

151 3433 255 3518 atque
279 3448 348 3496 una
373 3424 554 3497 ostendere
578 3447 646 3518 qua
669 3424 804 3496 ratione
825 3424 869 3495 ad
888 3447 929 3495 ea
943 3447 1071 3516 genera
1084 3431 1120 3496 et
1136 3447 1214 3517 spe·

149 3539 234 3626 eice,
261 3539 394 3632 quaein
413 3563 530 3612 rerum
554 3546 681 3612 natura
702 3540 829 3632 passim
854 3545 1051 3626 occurrunt,
1077 3545 1215 3610 contro·

151 3652 296 3724 huntur.
314 3682 331 3720 »
352 3653 393 3745 (I,
411 3655 457 3746 l.)
1141 3724 1143 3729 .

191 3767 260 3852 Qui
276 3767 369 3840 enim
392 3796 409 3834 a
432 3769 621 3862 genuinam
644 3775 818 3854 naturam,
846 3776 951 3863 atque
964 3793 1035 3841 una
1051 3767 1215 3842 nobilita·

146 3890 217 3955 tem
234 3883 441 3956 substantiae
462 3884 599 3980 proprie
623 3885 728 3980 dictae
752 3885 926 3979 explicare
947 3894 983 3957 et
1001 3884 1180 3959 vindicare
1195 3916 1213 3952 a

148 4001 362 4094 aggreditur,
388 4002 422 4075 ei
450 4009 543 4092 certe
569 4001 659 4073 nihil
685 4005 801 4094 potius
827 4008 894 4090 est,
920 4025 1024 4097 quam
1051 4009 1093 4074 ut
1118 4003 1216 4076 illam

150 4114 318 4206 «proprie
333 4113 439 4187 dictae
455 4143 473 4182 a
489 4113 697 4186 substantiae
718 4113 895 4186 notionem
919 4113 1090 4207 descripte
1112 4137 1216 4186 exac-

147 4236 249 4322 taque
275 4227 429 4301 definiat.
457 4229 611 4300 Primum
637 4233 755 4302 autem
781 4229 935 4301 omnium
959 4235 1012 4301 est
1029 4228 1107 4302 haec
1132 4230 1214 4302 sub-

1336 3189 1345 3218 t
