3156 5232
751 633 931 696 -118-

187 824 197 846 s
308 793 423 844 merim
437 765 624 841 sententiae
638 763 855 852 cartesianae,
876 763 919 835 de
933 764 1114 858 particulis
1135 765 1284 842 infinitae
1299 793 1376 866 par-

311 885 442 972 vitatis,
460 902 636 953 assensum
654 877 847 971 suspendit,
873 885 925 950 est
942 902 1021 951 eum
1041 902 1245 975 supponere,
1263 892 1375 958 mate-

308 1001 396 1071 riam
411 997 516 1069 semel
542 993 703 1080 divisam,
733 993 783 1062 sic
807 991 968 1081 divisam,
985 1004 1151 1088 perpetuo
1169 1021 1320 1088 manere,
1339 1009 1375 1072 et

308 1107 672 1205 nunquamreuniri...
694 1104 844 1177 Videtur
862 1106 925 1177 Vir
940 1107 1099 1181 Eximius
1123 1113 1375 1203 quodammodo

307 1246 500 1320 supponere
522 1221 698 1293 exstitisse
715 1220 797 1292 olim
822 1221 1006 1314 quamdam
1033 1225 1189 1296 materiae
1203 1227 1376 1299 continui·

306 1349 430 1428 tatem,
462 1359 585 1431 nempe
622 1342 703 1408 ante
741 1331 896 1424 ejusdem
927 1337 1102 1408 actualem
1138 1338 1372 1414 divisionem:

308 1477 431 1528 verum
443 1453 538 1525 facta
552 1450 658 1522 semel
670 1448 788 1520 hacex
805 1455 914 1536 motu,
931 1450 1063 1521 nullam
1084 1452 1246 1547 deinceps
1267 1463 1376 1528 mate-

308 1570 372 1641 riae
403 1566 606 1640 munionem
634 1563 839 1661 contigisse,
874 1569 1013 1635 tantum
1043 1565 1179 1660 aliquas
1219 1571 1376 1643 materiae

307 1683 498 1779 particulas
535 1680 640 1773 juxta
676 1676 806 1771 positas
824 1680 826 1690 ⁴
844 1679 1012 1751 mansisse
1043 1682 1190 1774 quietas,
1221 1682 1376 1778 adeoque

308 1797 534 1872 constituisse
555 1815 697 1886 corpora
713 1795 801 1866 dura
829 1814 891 1864 seu
916 1793 1027 1865 solida
1045 1817 1052 1865 :
1070 1797 1157 1867 alias
1186 1799 1376 1890 particulas

308 1921 390 1984 actu
416 1911 558 1991 divisas,
596 1910 657 1980 sed
684 1909 835 1981 motibus
869 1908 1018 1981 diversis
1059 1911 1222 2003 agitatas,
1256 1912 1373 1984 confe-

309 2028 397 2099 cisse
419 2047 561 2119 corpora
586 2023 696 2093 fluida
721 2029 757 2094 et
775 2022 946 2094 volatilia.
969 2023 1109 2095 Nullam
1127 2025 1258 2118 itaque,
1282 2029 1373 2120 quod

310 2141 430 2225 sciam,
448 2135 690 2230 contiguitatis
705 2143 740 2208 el
754 2135 997 2207 continuitatis
1013 2136 1245 2210 differentiam
1254 2163 1376 2233 agnos·

309 2257 374 2338 cit;
386 2275 499 2346 neque
516 2249 656 2323 omnino
672 2250 714 2320 de
729 2249 904 2320 reddenda
914 2251 1049 2321 ratione
1060 2251 1303 2325 continuitatis
1312 2254 1376 2326 sol·

310 2370 428 2440 licitus
444 2373 508 2439 est.
528 2366 676 2437 Videtur
689 2365 809 2458 itaque
824 2364 913 2435 hanc
927 2387 946 2435 e
963 2387 1070 2435 censu
1097 2388 1213 2436 rerum
1236 2368 1377 2460 penitus

311 2485 463 2576 exigere,
486 2487 522 2552 et
545 2503 584 2552 eo
599 2478 739 2551 nomine
754 2478 854 2550 rrobis
869 2478 926 2550 hic
942 2480 1092 2550 multum
1111 2481 1301 2570 adversari,
1318 2483 1378 2576 qui

311 2585 517 2691 spectabiles
535 2602 651 2688 partes
668 2594 698 2666 ei
712 2594 880 2664 attribuo.
902 2620 917 2657 a
941 2593 1102 2682 XXXIV,
1123 2593 1238 2667 lli-ll.

339 2712 439 2783 ‘lnde
454 2733 552 2782 suam
567 2707 778 2780 sententiam
798 2706 949 2778 dilucide
970 2708 1123 2800 explicat
1147 2707 1375 2782 Glissionius:

312 2857 328 2893 «
350 2828 458 2897 solam
478 2825 631 2918 quietem
646 2824 691 2895 ad
706 2821 895 2894 solidorum
915 2821 1183 2896 continuitatem
1197 2848 1267 2896 non
1281 2825 1378 2896 suffi-

310 2962 400 3027 cere,
410 2967 426 3005 a
440 2937 808 3030 namnegatiomotus‚
823 2935 871 3025 (in
887 2959 956 3029 qua
969 2937 1067 3030 quies
1076 2939 1262 3029 consistit),
1273 2946 1379 3012 etne·

311 3052 406 3144 gatio
422 3050 605 3122 divisionis
630 3051 678 3140 (in
701 3073 770 3143 qua
796 3045 1021 3140 continuitas)
1039 3049 1233 3125 formaliter
1251 3053 1379 3125 distin·
1411 3147 1413 3152 Ι

311 3173 487 3260 guantum
506 3206 547 3218 —
574 3193 591 3231 a
617 3164 886 3236 continuitatem
907 3185 981 3234 esse
1004 3163 1151 3236 formam
1177 3168 1378 3260 positivam,

314 3283 468 3376 quietem
493 3302 585 3370 non3
603 3310 663 3350 a...
690 3279 763 3372 jam
782 3307 799 3345 a
813 3277 923 3348 fluida
936 3300 1007 3348 non
1026 3300 1099 3351 esse
1121 3287 1203 3352 actu
1216 3283 1341 3372 divisa,
1361 3313 1379 3352 a

313 3397 374 3466 sed
389 3424 405 3461 a
416 3396 461 3466 ad
470 3395 584 3477 fluidi,
599 3400 731 3482 contra,
741 3392 912 3466 rationem
920 3393 1051 3487 requiri
1061 3395 1327 3468 communitatem
1334 3419 1345 3485 ;
1361 3426 1379 3463 a

313 3508 477 3602 denique,
487 3507 646 3580 volatilia
657 3530 794 3602 quoque
805 3507 970 3579 continua
982 3531 1068 3598 esse,
1079 3515 1125 3588 et.
1138 3531 1217 3581 cum
1230 3511 1382 3584 maxime

313 3622 542 3694 interminata
560 3622 643 3709 sint,
661 3621 828 3692 facillime
847 3643 986 3715 quoque
1001 3623 1160 3696 reuniri.

361 3737 430 3806 Hic
444 3735 636 3808 disserendi
649 3734 752 3806 finem
769 3734 884 3805 subito
900 3733 987 3806 facit
1010 3733 1218 3825 Glissonius‚
1236 3761 1383 3834 eumque

316 3874 360 3920 ex
387 3849 574 3943 improviso
606 3850 815 3922 necessitate
839 3849 990 3943 quadam
1017 3850 1252 3946 interruptum
1275 3854 1383 3926 fuisse

316 3964 424 4052 dieas,
442 3963 515 4057 qui,
528 3986 571 4036 ne
591 3963 745 4035 collectis
762 3963 901 4056 quidem
924 3966 1150 4056 argumentis,
1167 3968 1263 4038 nulla
1278 3969 1384 4039 allata

318 4077 552 4166 conclusione,
567 4084 678 4149 tantae
694 4076 936 4171 amplitudinis
951 4100 1037 4172 opus
1047 4079 1207 4174 tantique
1217 4082 1384 4153 momenti

317 4189 502 4262 manifeste
526 4191 767 4284 imperfectum
793 4191 985 4284 reliquerit.
1006 4193 1057 4264 De
1073 4217 1141 4286 quo
1156 4195 1206 4266 sic
1231 4196 1317 4289 ipse,
1334 4199 1385 4267 Ad

319 4311 496 4394 lectorem,
512 4308 533 4398 ᾖ
549 4307 590 4377 lu
610 4330 617 4376 :
646 4335 662 4370 «
679 4307 808 4399 Scopus
829 4304 932 4396 hujus
950 4305 1030 4377 libri
1047 4306 1115 4378 fuit
1135 4309 1250 4380 varias
1274 4310 1383 4381 modi·
