3196 5228
643 602 807 670 ...15-

240 768 256 806 «
276 735 466 813 Aariraoat'a
488 742 691 830 humorum,
717 741 927 834 ubicumque
957 737 1125 828 adfuerit,
1156 737 1259 810 facile

188 853 422 951 irritationem
439 857 624 952 quamdam
640 855 841 951 producit...

238 999 255 1037 a
272 975 458 1043 Nerooram
470 977 727 1062 otporattoais...
743 979 815 1044 tres
835 977 918 1042 sunt
931 994 1045 1042 causae
1062 993 1069 1042 :
1093 968 1259 1042 nimirum

185 1092 351 1178 perceptio
383 1087 458 1159 sive
491 1093 629 1158 seasatio
640 1119 653 1172 ,·
680 1090 868 1177 appetitas;
897 1092 933 1158 et
960 1101 1066 1158 ototas
1096 1091 1261 1157 maseato·

192 1223 268 1272 ram
286 1206 309 1273 ¹.
329 1202 346 1267 u
621 1210 624 1216 '

234 1314 416 1388 Neminem
436 1315 541 1409 fugit,
557 1315 594 1387 in
611 1315 682 1387 illis
700 1345 716 1382 «
739 1315 936 1386 Anatomiae
959 1315 1094 1410 hepatis
1116 1345 1133 1384 a
1158 1315 1280 1418 locis„

189 1430 304 1502 adhuc
328 1427 371 1502 de
395 1435 583 1501 irritatione
603 1437 754 1518 tantum,
778 1430 933 1502 nondum
958 1431 1002 1502 de
1027 1429 1102 1524 ipsa
1120 1429 1259 1525 proprie

188 1545 283 1616 dicta
297 1550 524 1616 irritabilitate
535 1543 604 1638 agi,
619 1544 805 1638 variasque
822 1545 973 1640 corporis
989 1552 1118 1639 partae,
1139 1545 1259 1616 irrita-

137 1743 138 1746 ,
188 1659 296 1731 tionis
319 1682 461 1753 capaces
484 1660 536 1731 ita
557 1658 640 1749 dici,
660 1666 702 1730 ut
726 1667 809 1731 totae
838 1661 1074 1754 integreque,
1104 1682 1165 1753 pro
1197 1681 1261 1731 sua

192 1795 339 1868 quaque
355 1779 532 1845 structura
555 1796 687 1868 suoque
709 1781 853 1846 munere
879 1774 1075 1846 irritentur.
1089 1811 1131 1828 -
1146 1773 1260 1845 Multo

192 1887 315 1977 serius,
324 1887 499 1960 scilicetin
509 1894 662 1958 tractatu
670 1888 713 1960 de
730 1883 910 1960 teneritate
927 1885 1246 1986 etIatestt‘atsllti‘l'l)

193 2001 388 2076 Glissonius
428 2025 526 2074 suam
566 2001 818 2074 irritabilitatis
860 2003 1055 2074 doctrinam
1100 2001 1261 2096 perfecit.
1344 1999 1347 2008 '

192 2117 323 2212 Nempe
345 2125 430 2190 tunc
450 2118 579 2190 denum
603 2119 646 2188 de
662 2117 830 2210 peculiari
854 2147 870 2183 a
894 2117 1132 2190 irritabilitate
1157 2117 1265 2189 libra·v

192 2255 270 2305 rum
296 2260 314 2299 s
344 2256 478 2318 summa
501 2231 696 2306 subtilitate
721 2241 826 2326 atque
842 2229 1042 2304 intensione
1069 2231 1266 2326 disputavit

194 2351 281 2443 (cap.
298 2353 378 2439 v11);
397 2363 573 2442 quumque
588 2347 625 2418 in
643 2369 683 2420 aa
696 2348 870 2420 sententia
883 2347 1088 2419 insisteret:
1114 2376 1130 2413 a
1147 2346 1266 2418 irrita·

192 2464 313 2536 bilitas
337 2464 502 2557 supponit
524 2463 794 2558 perceptionem,
814 2487 884 2561 qua
908 2462 1003 2551 data,
1029 2460 1207 2555 appetitus
1230 2465 1267 2534 e't

193 2584 308 2650 motus
335 2579 413 2672 lege
435 2584 570 2650 naturae
598 2585 887 2672 consequuntur»
918 2577 964 2670 (p.
996 2574 1086 2667 168),
1110 2574 1265 2646 maxima

193 2713 297 2786 opera
313 2699 457 2764 conatus
478 2699 564 2764 est«
585 2690 841 2786 perceptionem
861 2691 1057 2762 naturalem
1074 2716 1090 2757 a
1120 2713 1140 2760 a
1160 2711 1264 2762 sensu

193 2805 421 2899 distinguere,
434 2807 527 2900 quod
546 2812 649 2877 antea
667 2805 833 2877 nonsatis
846 2803 989 2877 fecerat.

237 2921 345 2991 Putat
365 2919 476 3014 igitur
504 2917 647 2990 «fibras
669 2918 782 2990 cordis
800 2919 936 2991 virtute
957 2919 1155 2992 micationis
1185 2917 1263 2991 san·

191 3033 322 3127 guinis,
340 3033 377 3105 in
393 3033 468 3126 ejus
485 3033 690 3105 ventriculis
705 3033 875 3121 contenti,
898 3055 961 3126 per
984 3033 1079 3104 vices
1093 3033 1262 3118 irritatas,

192 3145 238 3219 ad
254 3169 291 3220 se
304 3149 560 3220 contrahendas
575 3147 723 3220 excitari
739 3155 775 3218 et
792 3146 1026 3240 pulsationem
1039 3145 1165 3231 facere,
1183 3170 1266 3218 mox

192 3248 389 3338 irritatione
410 3265 557 3336 remissa
580 3265 743 3336 relaxari.
764 3289 781 3330 a
807 3264 860 3334 Ex
881 3266 1034 3335 natarali
1051 3272 1168 3336 autem
1186 3283 1267 3356 pet·

192 3385 334 3471 ceptione
356 3379 454 3453 fibris
476 3379 604 3467 insita,
633 3377 911 3450 irritabilitatem
939 3379 1023 3450 oriri
1059 3381 1264 3472 arbitratur,
1328 3389 1330 3393 ’

192 3517 273 3567 nam
291 3525 307 3560 «
321 3495 397 3567 ficri
412 3495 535 3588 nequit
547 3501 588 3565 ut
600 3492 697 3565 fibrae
712 3493 930 3587 quiescentes
943 3495 1057 3565 denuo
1070 3493 1116 3564 ad
1131 3501 1264 3566 motum
1324 3553 1329 3562 .

191 3613 289 3683 nulla
311 3610 472 3681 irritante
499 3629 603 3682 causa
624 3607 810 3695 cicantur3
843 3629 956 3702 neque
983 3607 1119 3702 concipi
1147 3616 1266 3703 potest

191 3727 252 3821 qui
267 3725 462 3813 irritentur,
480 3723 509 3794 si
531 3720 765 3795 irritationem
793 3744 862 3792 non
887 3721 1094 3816 percipiant.
1114 3723 1264 3797 Perinde

226 3999 234 4036 t
254 3998 322 4064 Quod
345 3997 377 4050 ita
398 3997 503 4064 explicat
515 4011 522 4048 ι
536 4010 550 4046 u
563 4011 577 4047 a
590 4009 662 4046 sensu
682 3995 779 4046 doloris
798 3993 942 4058 rigarentur
959 3994 1025 4046 nervi
1041 4029 1057 4046 ..
1070 3993 1137 4046 idern
1150 3994 1266 4060 peritera

193 4083 333 4146 voluptatis
345 4095 416 4132 sensu
428 4079 578 4143 contingit...
588 4077 725 4144 Appetitas
738 4089 833 4139 quoque
844 4075 953 4139 vigorem
966 4075 1046 4126 nervis
1064 4074 1200 4140 impertit..
1210 4113 1230 4136 .,
1243 4083 1267 4125 et

194 4163 304 4215 fortassis
321 4177 334 4212 a
354 4161 455 4226 reliquis
472 4161 546 4212 etiam
565 4157 638 4210 animi
659 4155 827 4208 allectionibus
853 4155 921 4206 nervi
940 4155 1014 4205 variis
1029 4153 1186 4206 irritamentis
1203 4153 1267 4206 inci*

194 4250 308 4294 tantur...
327 4245 394 4293 itata
412 4257 507 4308 quoque
522 4247 547 4292 et
558 4238 728 4292 exercitatione
742 4237 895 4289 recalescunt
910 4249 1015 4301 corpore
1031 4240 1124 4302 nostra,
1139 4233 1268 4300 nervisque

195 4325 311 4376 tensione
323 4323 398 4374 robur
409 4323 513 4374 additur.
532 4335 547 4374 o
