3156 5232
774 593 933 656 ..34-

323 717 509 791 secundam
524 718 706 792 aformata
718 720 904 815 distinguit
910 745 920 812 ;
937 721 998 792 sed
1011 720 1101 792 hanc
1114 720 1173 792 vel
1190 717 1288 790 illam
1310 742 1385 790 ma·

323 833 376 924 gis
392 833 544 928 respicit,
562 843 665 928 prout
689 857 809 929 scopus
829 837 1013 907 sententiae
1034 836 1078 906 ad
1102 834 1192 905 hanc
1208 835 1265 905 vel
1287 833 1384 903 illam

323 946 535 1020 innuendam
554 949 665 1054 magis
689 949 864 1044 dirigitur.
888 949 979 1034 VIII,
1001 951 1054 1021 11.
1072 976 1096 1015 »’
1109 950 1226 1042 Atque
1244 948 1319 1018 haec
1343 948 1386 1019 de

322 1061 482 1135 Materia.

362 1235 489 1331 'Forma
508 1287 525 1326 «
540 1260 712 1333 dividitur
726 1261 762 1333 in
782 1260 1046 1334 immaterialem
1066 1269 1103 1333 et
1121 1261 1347 1333 materialem.
1363 1289 1379 1325 s

321 1373 374 1445 De
388 1374 453 1446 hac
465 1375 678 1447 solummodo
694 1376 751 1448 hio
766 1377 895 1470 agitur.
914 1373 1144 1469 «Philosophi
1165 1375 1237 1449 fere
1259 1375 1319 1468 qui
1343 1375 1386 1445 de

320 1489 432 1561 forma
444 1488 587 1584 physica
601 1491 813 1587 scripserunt
827 1491 992 1563 videntur
1004 1491 1217 1586 paradigma,
1230 1490 1274 1562 ad
1289 1487 1387 1581 cujus

321 1603 554 1678 imitationem
575 1629 652 1678 eam
676 1607 886 1697 describant,
900 1610 944 1678 ab
959 1607 1076 1678 anima
1097 1604 1262 1678 rationali
1282 1604 1387 1676 desu-

321 1740 428 1790 mere.
443 1717 507 1810 IX,
527 1722 542 1792 1
564 1723 618 1791 ¹...
640 1748 657 1787 a
675 1751 691 1787 «
708 1720 909 1793 Praemoneo
930 1721 1041 1816 igitur
1059 1743 1121 1815 per
1133 1718 1280 1791 formam
1296 1718 1387 1812 phy·

322 1831 428 1904 sicam
450 1857 506 1905 me
529 1857 598 1906 non
622 1834 817 1928 intelligere
835 1837 1065 1908 substantiam
1086 1833 1238 1928 aliquam
1263 1832 1388 1903 funda·

321 1946 467 2018 mentali
479 1947 676 2020 substantia
685 1949 881 2042 praeditam,
893 1971 1004 2042 neque
1017 1948 1158 2042 quidem
1172 1947 1301 2018 nudam
1309 1969 1388 2040 pro·

321 2061 516 2155 prietatem,
528 2064 638 2134 multo
649 2062 763 2134 minus
773 2062 931 2134 accidens
943 2083 1141 2134 commune:
1156 2058 1216 2132 sed
1225 2053 1386 2132 naturam

321 2177 507 2268 quamdam
521 2177 754 2268 energeticam
767 2183 904 2246 naturae
917 2175 1075 2246 materiae
1093 2175 1215 2268 primae
1235 2172 1388 2245 additio-

321 2289 448 2372 nalem‚
466 2313 610 2384 eamque
629 2289 673 2361 ad
689 2299 818 2363 certam
830 2291 942 2384 legem
958 2312 1182 2384 normamque
1196 2285 1333 2360 essendi
1352 2294 1388 2358 et

321 2403 487 2497 operandi
507 2403 807 2487 determinantem,
829 2410 865 2476 et
883 2427 927 2476 ex
943 2412 1042 2499 parte
1056 2409 1192 2474 naturae
1209 2402 1384 2495 complen-

320 2522 404 2588 tem.
428 2515 491 2603 IX,
509 2515 601 2588 2²...
627 2544 645 2584 a
672 2518 778 2590 «Per
803 2519 950 2588 formam
974 2517 1153 2611 physicam
1176 2515 1266 2587 nihil
1289 2514 1385 2585 aliud

320 2629 493 2724 intelligo,
512 2631 580 2702 nisi
604 2640 765 2703 naturam
788 2632 945 2702 materiae
972 2631 1217 2704 mutabilem...
1240 2628 1386 2701 materia

320 2751 450 2834 manet,
468 2753 593 2816 natura
612 2752 779 2816 mutatur.
796 2775 812 2811 a
832 2745 894 2828 IX,
913 2747 977 2817 1...
1001 2745 1124 2816 Forma
1147 2743 1291 2839 physica
1314 2764 1384 2813 non

322 2868 374 2931 est
386 2859 523 2954 proprie
538 2859 632 2932 dieta
644 2860 851 2945 substantia,
868 2859 941 2949 sed,
957 2859 1207 2948 rudimentum,
1220 2881 1282 2931 seu
1293 2881 1385 2931 com·

320 2975 532 3068 plementum
548 2973 795 3045 substantiae...
812 2973 948 3059 Quaerit
972 2971 1165 3065 subjectum
1182 2974 1218 3043 in
1242 2996 1311 3066 quo
1329 2971 1387 3043 in·

319 3089 453 3161 haereat
483 3095 520 3161 et
544 3096 801 3160 sustentetur...
832 3110 959 3159 novam
989 3109 1071 3160 vero
1100 3087 1201 3159 affert
1224 3095 1385 3159 naturam

320 3203 565 3296 energeticam,
586 3210 622 3275 et
647 3202 829 3274 materiam
852 3199 896 3273 ad
919 3201 1067 3296 speciem
1082 3204 1288 3296 completam
1303 3223 1385 3273 con·

319 3317 440 3387 trahit.
469 3318 609 3389 Dicitur
637 3324 754 3388 autem
784 3317 1035 3406 substantialis,
1069 3317 1151 3411 qnia
1187 3324 1241 3389 est
1273 3314 1386 3412 prima

319 3431 457 3505 affectio
472 3455 533 3506 seu
557 3440 684 3504 natura
707 3432 930 3503 additionalis
953 3432 1153 3504 immediate
1176 3433 1214 3503 in
1239 3430 1387 3503 materia

319 3547 491 3638 radicata3
518 3570 642 3640 nempe
671 3546 794 3617 intime
819 3545 994 3618 inhaerens
1021 3545 1057 3616 in
1082 3545 1158 3640 ipsa
1186 3543 1261 3637 ejus
1286 3546 1387 3618 subs·

319 3662 447 3750 tantia,
464 3691 482 3728 »
505 3685 583 3733 cum
597 3683 665 3756 qua
684 3645 867 3731 constituit
882 3659 1108 3755 compositum
1126 3659 1321 3753 physicum.
1343 3683 1387 3711 -ὸ

319 3773 471 3866 nra-a.

352 3956 360 3990 ¹
380 3956 418 4007 Cl.
432 3957 515 4008 Leibn.
529 3961 694 4024 Sychaeum,
708 3973 744 4024 ιιι,
758 3959 852 4021 mom,
864 3973 888 4025 p.
903 3957 964 4012 mo:
978 3976 992 4008 a
1007 3970 1050 4026 par
1064 3960 1085 4010 le
1097 3970 1182 4024 moyen
1195 3954 1224 4009 de
1240 3953 1262 4008 la
1282 3956 1358 4009 lorme
1371 3955 1387 4008 il

320 4049 341 4166 p:
353 4050 372 4166 ii
379 4051 426 4089 une
441 4039 558 4091 veritahle
576 4041 642 4091 unite
660 4042 701 4106 qui
719 4040 810 4105 repond
831 4040 845 4088 a
864 4054 891 4091 ae
909 4039 980 4106 qn’on
994 4039 1086 4107 appelle
1097 4041 1150 4091 moi
1163 4056 1193 4093 en
1205 4053 1274 4091 nous.
1289 4055 1304 4091 n
1316 4039 1387 4103 llam,

345 4131 357 4166 r
374 4131 419 4183 m,
430 4135 455 4185 p.
468 4119 521 4172 147.

352 4197 365 4233 ²
381 4200 418 4250 Cl.
437 4201 521 4251 Leibn.
540 4203 618 4252 lettre
630 4218 665 4254 ou
677 4203 705 4252 Ρ.
722 4203 822 4254 Bouoet.
841 4201 935 4263 Erdm.,
954 4218 977 4268 p.
993 4203 1046 4264 116,
1062 4202 1109 4254 col.
1127 4203 1149 4255 l.
1163 4219 1177 4254 u
1190 4204 1241 4267 Qua
1253 4203 1288 4255 les
1298 4203 1388 4255 formes

322 4281 364 4330 des
374 4282 478 4343 enciens,
490 4296 519 4332 ou
532 4282 684 4343 entelechias,
696 4298 728 4333 ne
741 4291 796 4333 sont
805 4289 874 4332 autre
886 4284 958 4334 chose
972 4299 1017 4348 que
1030 4284 1064 4335 les
1077 4284 1185 4336 forces...
1198 4300 1212 4335 a
