3156 5232
748 585 907 648 -96-

297 709 515 806 operationes
530 733 610 784 suas
624 709 707 800 sint,
729 713 806 808 quis
821 713 912 786 ferat
926 714 1109 802 actionem,
1123 711 1362 806 operationum

295 825 397 899 facile
418 827 624 921 principem,
646 825 736 897 nihil
760 850 834 900 esse
859 827 897 900 in
921 833 1059 921 agente,
1078 825 1235 922 nihilque
1256 826 1289 900 ci
1304 829 1366 908 ad·

296 941 377 1014 dere
419 947 548 1034 praeter
582 939 814 1014 extrinsecam
845 941 1186 1028 denominationem
1215 941 1301 1035 quin
1329 949 1366 1014 et

297 1055 534 1128 causationem
551 1055 640 1126 nihil
663 1077 738 1128 esse
752 1056 790 1127 in
812 1078 928 1146 causa,
948 1055 1008 1128 sed
1023 1077 1096 1128 esse
1110 1055 1252 1128 modum
1267 1055 1367 1129 effec-

297 1171 376 1240 tus?
393 1167 513 1240 Meum
532 1176 649 1240 autem
670 1176 746 1241 erat
758 1171 803 1240 ab
819 1170 955 1242 actione
969 1169 1014 1240 ad
1033 1191 1153 1262 agens,
1176 1169 1221 1242 ab
1238 1168 1363 1241 effectu

298 1283 342 1353 ad
357 1305 497 1354 causam
512 1284 712 1374 ascendere,
728 1291 764 1357 et
780 1307 824 1356 ex
839 1283 1098 1378 operationibus
1109 1283 1220 1354 vitam
1230 1290 1367 1356 naturae

299 1398 524 1490 aposteriore
540 1399 819 1473 demonstrare...
836 1399 952 1485 Quum
966 1398 1078 1494 igitur
1091 1404 1204 1473 ornat.
1222 1399 1366 1472 Suarius

299 1510 342 1584 de
356 1513 531 1607 dignitate
545 1513 631 1586 vitae
647 1515 801 1588 naturali
816 1514 970 1609 deroget,
985 1537 1062 1609 ego,
1089 1513 1150 1610 qui
1165 1536 1221 1586 me
1246 1513 1364 1586 vindi-

297 1649 372 1699 cem
385 1615 487 1700 istius
506 1626 690 1722 dignitatis
713 1629 798 1700 vitae
813 1651 880 1724 que
892 1651 954 1724 per
971 1651 1008 1702 se
1022 1627 1243 1702 subsistentis
1257 1628 1363 1723 profi-

296 1749 384 1832 teor,
411 1765 491 1815 eum
519 1745 633 1837 (quem
657 1743 743 1815 alias
768 1742 856 1815 mihi
885 1743 1056 1838 elegeram
1082 1743 1363 1837 antesignanum)

298 1854 483 1950 aliquoties
501 1855 684 1929 deserui.»
705 1855 834 1946 XXIV,
856 1858 887 1928 l.
1415 1943 1418 1948 ¹

341 1971 392 2042 At
406 1971 583 2043 axiomata
597 1972 759 2067 quaedam
780 1973 886 2065 vulgo
905 1972 1091 2044 decantata
1117 1971 1202 2044 vitae
1230 1979 1366 2044 natiuae

297 2107 491 2180 repugnare
504 2084 682 2176 videntur,
693 2077 772 2180 quae
782 2085 889 2158 etiam
901 2086 1145 2177 examinanda,
1163 2085 1367 2179 corrigenda

298 2204 335 2271 ct
354 2199 399 2270 ad
413 2221 537 2271 sanum
554 2222 693 2272 sensum
708 2197 906 2271 reducenda
921 2206 1016 2288 sunt,
1031 2222 1075 2272 ne
1093 2199 1269 2272 mentibus
1287 2198 1364 2271 offi-

299 2314 407 2404 ciant,
423 2313 620 2410 multosque
634 2315 679 2387 ab
690 2311 908 2407 agnoscenda
917 2313 994 2384 vita
1004 2315 1173 2408 primaeva
1189 2319 1363 2387 avertant.

299 2425 413 2500 Erunt
427 2429 520 2501 enim
531 2427 678 2501 fortasse
690 2428 751 2522 qui
773 2450 926 2500 «revera
945 2428 1038 2523 quod
1052 2431 1096 2500 ab
1111 2429 1249 2500 interno
1266 2428 1364 2522 prin-

300 2539 390 2636 cipio
403 2541 554 2634 seipsum
570 2548 708 2632 movet,
718 2540 838 2613 vivere
856 2570 873 2607 a
889 2540 1106 2632 fatebuntur,
1123 2565 1244 2615 vcmm
1262 2571 1280 2608 «
1292 2565 1366 2614 cor-

299 2678 383 2750 pora
396 2678 476 2751 quae
492 2661 663 2729 vocantur
689 2653 884 2727 inanimata
908 2678 945 2728 se
961 2657 1005 2730 ab
1022 2655 1160 2729 interno
1188 2655 1360 2752 principio

236 2862 240 2870 Ι
297 2789 436 2841 movere
458 2797 476 2837 »
510 2767 650 2839 omnino
680 2767 879 2860 negandum
906 2770 1093 2861 putabunt.
1130 2797 1148 2838 «
1176 2767 1366 2841 Axiomata

297 2881 391 2954 enim
408 2883 477 2954 ista
492 2879 687 2968 notissima,
706 2903 785 2976 quae
801 2881 908 2974 vulgo
929 2881 1233 2972 circumferuntur,
1263 2888 1300 2956 et
1320 2884 1364 2957 ab

299 2997 459 3070 omnibus
487 2996 735 3090 propemodum
767 2996 996 3089 recipiuntur,
1026 2997 1091 3070 tali
1120 2998 1233 3070 motui
1264 3021 1366 3094 repu-

301 3119 412 3206 gnant
429 3136 436 3180 :
456 3115 545 3182 Nileii
558 3132 655 3200 uqere
672 3115 708 3180 iu
726 3134 758 3180 se
780 3115 910 3200 ipsuu;
931 3114 1022 3182 Nileii
1034 3116 1143 3201 petia
1161 3135 1193 3182 se
1207 3116 1296 3204 ipso;

306 3230 465 3316 Quicquid
482 3229 826 3310 uocetur,uoveriub
840 3229 918 3296 utic.
936 3224 1069 3310 Quibus
1087 3225 1235 3318 adjicere
1250 3250 1369 3322 possu-

303 3363 380 3412 mus
396 3340 464 3412 duo
477 3337 649 3434 principia
655 3337 791 3412 clariss.
800 3337 870 3410 Des
880 3336 1001 3411 Cartes
1016 3340 1137 3412 eodem
1151 3339 1365 3435 spectantia:

308 3450 467 3548 Quicquid
493 3466 653 3537 mouetur,
681 3466 841 3543 perpetuo
866 3457 1012 3536 moueri;
1038 3457 1197 3544 Quicquid
1224 3458 1368 3542 quiescit,

299 3583 458 3660 perparuo
476 3572 678 3658 quiescere...
695 3567 765 3638 Nos
779 3565 861 3638 verd
887 3566 999 3657 primo
1022 3564 1124 3662 istius
1151 3565 1237 3639 dicti
1261 3570 1371 3656 (Quic-

305 3686 383 3770 quid
411 3694 571 3764 uocetur,
600 3693 750 3750 mouetur
780 3678 822 3748 ub
851 3682 931 3769 ulio)
961 3677 1189 3750 fundamenta
1210 3678 1369 3752 conside·

303 3818 431 3867 remus.
449 3823 465 3860 »
480 3793 608 3882 XXIV,
628 3793 661 3879 3,
676 3793 709 3863 4.
922 3877 924 3883 Ι
959 3874 961 3877 y

225 3891 232 3904 ⁸
349 3909 485 3982 Asserit
499 3906 642 3980 Suarius
652 3907 724 3979 sola
733 3906 892 3979 viventia
903 3929 940 3980 se
953 3929 1105 4000 movere,
1117 3930 1188 3980 non
1197 3907 1368 3998 viventia,

305 4048 345 4098 co
363 4023 439 4118 ipso
457 4021 549 4116 quod
565 4043 635 4092 non
661 4019 798 4111 vivant,
814 4043 885 4094 non
906 4043 1006 4116 posse
1028 4044 1066 4095 se
1087 4044 1239 4095 movere.
1259 4021 1371 4094 Infert

305 4139 425 4231 itaque
440 4134 677 4222 Aristotelem,
695 4132 758 4205 ubi
781 4133 868 4207 dicit
885 4139 1045 4224 Quicquid
1060 4121 1211 4207 uocetur
1235 4140 1278 4205 ut
1302 4137 1368 4206 aiio

307 4254 443 4334 uoueri,
460 4246 613 4340 intelligi
627 4247 753 4320 debere
765 4247 809 4320 de
824 4256 923 4320 motu
945 4247 1243 4322 non-viventium.
1261 4248 1370 4336 Quasi
