3156 5232
634 518 815 581 -103-

187 653 349 728 matrices
366 650 564 744 assignant;
582 646 682 741 quasi
706 643 845 719 eximiis
866 642 909 715 iis
935 643 1135 738 corporibus
1161 643 1255 716 Deus

122 835 125 840 ,
189 775 350 842 naturam
374 766 541 858 imparem
564 759 823 854 operationibus
848 756 1129 830 adiunctionem
1154 781 1253 830 suam

187 883 366 977 requisitis
382 879 569 952 indiderat.
585 877 652 950 Sed
667 875 705 947 in
720 873 922 947 memoriam
936 880 1102 958 revocent
1116 874 1261 946 axioma

188 1021 303 1082 suum,
314 1001 483 1068 Naturam
494 1013 668 1083 'uunquam
680 994 816 1082 deficare
826 994 861 1074 ia
874 993 1075 1060 accessoria.
1092 988 1128 1062 Si
1141 996 1256 1062 motus

189 1133 371 1206 corporum
388 1106 581 1182 coelestium
602 1106 741 1178 sitnon
766 1109 905 1176 tantum
928 1105 972 1176 ad
991 1110 1153 1176 ornatum
1174 1105 1254 1175 uni-

189 1226 294 1315 versi,
314 1224 375 1296 sed
390 1223 485 1295 etad
500 1219 615 1315 ipsum
638 1242 758 1292 eorum
774 1240 848 1291 esse
869 1224 906 1290 et
929 1219 1075 1312 operari,
1098 1241 1255 1290 necessa·

190 1340 283 1428 rius3
314 1360 359 1411 ne
395 1335 638 1408 credentiam
674 1330 828 1404 illustria
853 1331 1086 1426 sublimiaque
1115 1356 1257 1426 corpora

189 1451 337 1525 internis
348 1447 527 1544 principiis
536 1447 581 1520 ad
593 1470 656 1519 sua
665 1445 786 1518 munia
793 1442 971 1539 requisitis
980 1447 1053 1534 sola
1067 1445 1254 1518 destitui...

189 1567 306 1655 Terra,
319 1564 355 1636 in
365 1571 531 1636 motusue
545 1561 686 1632 ducitur
698 1558 800 1630 vitali
810 1556 994 1652 principio,
1006 1582 1086 1650 quo,
1102 1559 1257 1654 quandiu

191 1687 305 1752 motus
319 1681 489 1750 Austrum
503 1697 623 1748 versus
637 1672 704 1746 sibi
727 1671 774 1744 sit
792 1671 905 1762 utilis,
933 1674 1141 1767 quandoque
1163 1671 1255 1744 idem

189 1794 236 1864 sit
250 1792 366 1886 potius
374 1789 652 1884 Septentrionem
667 1810 788 1861 versus
800 1787 1046 1879 reflectendus,
1062 1788 1221 1883 percipit.
1236 1816 1251 1854 u

189 1905 318 1994 XXIV,
334 1904 452 1978 atr-27.

236 2021 363 2092 Verum
394 2041 463 2090 uon
490 2025 629 2091 tantum
650 2042 695 2090 ex
721 2018 879 2111 pauculis
900 2039 1082 2111 corporum
1107 2019 1259 2092 motibus

190 2132 367 2229 perpetuis
378 2133 487 2206 thesis
502 2139 621 2204 nostra
636 2131 679 2204 de
693 2129 885 2203 universali
897 2139 1034 2204 naturae
1047 2130 1123 2205 vita
1136 2135 1261 2226 proba·

189 2257 275 2322 tur:
295 2270 339 2321 ex
361 2247 514 2320 motibus
535 2267 673 2341 quoque
694 2266 765 2317 non
786 2245 975 2340 perpetuis,
1008 2267 1154 2340 quorum
1182 2249 1260 2341 plu·

190 2363 291 2438 rimae
302 2370 385 2434 sunt
399 2360 541 2454 species,
558 2366 782 2434 monstratur.
797 2361 950 2446 Quorum
964 2360 1260 2434 accuratissimam

192 2476 458 2570 descriptionem
474 2475 566 2569 apud
585 2473 762 2546 illustriss.
785 2473 1033 2548 Vioecomitem
1058 2475 1261 2551 Sti-Albani

192 2594 306 2685 legere
322 2598 386 2680 est,
410 2620 427 2656 «
444 2589 505 2684 qui
520 2594 687 2684 perpetuo
708 2611 827 2662 eorum
852 2589 1022 2662 rationem
1037 2611 1082 2662 ex
1098 2591 1210 2684 scopis
1225 2599 1262 2665 et
1345 2601 1347 2608 '

192 2705 403 2800 appetitibus
447 2727 484 2776 se
517 2704 766 2797 praeservaudi,
805 2704 998 2791 exaltandi,
1031 2706 1258 2799 propagandi,

192 2829 296 2913 atque
325 2819 432 2890 etiam
461 2815 600 2889 fruendi
627 2823 753 2890 natura
780 2841 853 2908 sua,
873 2817 1010 2900 reddit;
1032 2819 1185 2914 adeoque
1201 2843 1261 2892 eos

192 2941 306 3004 motus
320 2935 364 3004 ab
379 2931 516 3004 interno
531 2930 616 3004 vitae
632 2931 804 3026 principio
827 2940 889 3004 aut
905 2931 1096 3020 dimanare,
1111 2941 1174 3006 aut
1190 2937 1258 3006 sal·

191 3054 261 3120 tem
279 3046 445 3140 regulari,
463 3045 648 3118 manifeste
666 3047 833 3118 insinuat.
858 3075 876 3114 a
893 3088 936 3100 -
952 3046 1178 3142 Quocumque
1194 3049 1260 3142 igi-

192 3165 250 3231 tur
264 3160 366 3243 modo
391 3181 573 3253 corporum
590 3167 705 3231 motus
719 3159 935 3250 dividantur,
952 3184 1013 3233 seu
1031 3161 1145 3234 fluant
1158 3162 1258 3236 abiu·
1352 3178 1355 3184 ·

192 3280 264 3362 tus,
277 3295 337 3345 seu
351 3274 395 3345 ab
409 3278 522 3362 extra,
539 3295 602 3345 seu
625 3272 753 3366 partim
768 3272 922 3364 abintus,
942 3274 1069 3369 partim
1086 3278 1130 3348 ab
1146 3284 1258 3368 extra,

192 3384 349 3475 veniant,
370 3408 543 3458 «suorum
566 3384 799 3478 subjectorum
827 3387 936 3459 vitam
960 3391 1120 3482 probant.
1138 3391 1262 3472 »Nam

191 3503 375 3595 probatum
396 3502 470 3592 jam
494 3507 560 3591 est,
591 3501 683 3595 quod
719 3501 862 3574 abintus
897 3509 1091 3593 semovet,
1121 3505 1158 3575 id
1187 3528 1260 3589 esse

192 3615 325 3696 rivum.
351 3615 496 3687 Passum
511 3620 641 3702 autem,
658 3616 750 3710 quod
765 3623 935 3711 quantum
959 3618 996 3688 in
1014 3640 1050 3690 se
1064 3625 1117 3691 est
1131 3619 1203 3691 vim
1216 3623 1260 3692 ab

192 3737 336 3802 externo
357 3736 483 3823 agente
507 3730 641 3804 illatam
653 3731 804 3825 repellit,
820 3732 864 3804 ab
876 3732 1015 3806 interno
1029 3757 1149 3816 rursus
1163 3735 1259 3829 prin-

192 3845 281 3938 cipio
304 3845 446 3922 ducitur
470 3852 506 3919 et
528 3846 638 3918 vitam
663 3869 773 3936 suam,
795 3871 835 3920 eo
860 3847 952 3943 quod
976 3871 1049 3921 suae
1076 3872 1260 3924 conserva·

192 3958 283 4031 tioni
302 3965 473 4053 quantum
490 3965 605 4053 potest
618 3960 771 4051 studeat,
784 3962 913 4055 prodit.
930 3992 947 4028 a
963 3964 1039 4036 Nisi
1055 3965 1148 4036 enim
1163 3987 1261 4036 suam

189 4072 342 4145 tutelam
371 4072 562 4165 affectaret,
589 4080 774 4147 externum
802 4098 909 4169 agens
936 4099 1006 4149 non
1026 4078 1260 4174 impugnaret,

193 4183 313 4278 ejusve
330 4187 502 4260 actionem
519 4186 751 4280 corrigeret.»
772 4188 884 4276 XXV,
901 4190 932 4278 1,
949 4188 981 4261 3.

824 4335 1154 4563 &aaa

837 4511 1184 4603 ,uurvaasrun'

878 4419 1197 4772 sset&
