3156 5232
670 622 849 686 -nr-
966 581 968 585 ’

270 752 399 826 Eadem
415 753 487 826 fere
499 753 640 848 utrique
655 754 685 824 si
701 776 775 844 non,
789 751 879 824 ratio
894 747 1046 837 dicendi,
1060 749 1182 820 saltem
1199 746 1292 840 cogi-

227 867 328 940 tandi
344 867 540 940 methodus,
559 867 698 941 Etenim
714 874 862 960 uterque
880 863 1018 959 propria
1034 861 1159 956 placita
1170 863 1215 933 ad
1230 884 1290 932 ve·

225 991 341 1057 terum
362 991 399 1058 et
417 984 544 1058 scholae
568 993 604 1057 et
619 983 819 1078 'theologiae
840 980 1084 1054 auctoritatem
1104 1001 1292 1052 accommo·
1381 985 1384 994 '

227 1100 311 1171 dare
321 1099 451 1188 studet,
468 1122 533 1172 nec
546 1121 617 1170 non
628 1120 706 1170 cum
723 1097 955 1170 recentiorum
971 1091 1199 1188 quorumdam
1211 1115 1290 1164 sen-

228 1213 350 1286 tentiis
365 1213 587 1306 oonjungere,
604 1213 671 1285 etsi
686 1217 809 1285 nullius
824 1215 977 1286 addictas
988 1215 1110 1302 jurare
1131 1213 1167 1280 in
1188 1212 1292 1279 certa

229 1333 393 1418 mopiam.
418 1327 576 1424 Uterque
603 1326 787 1400 ratiocinio
824 1325 1012 1420 plurimum
1048 1321 1192 1396 confidit
1203 1377 1215 1412 ,
1255 1327 1291 1426 ct

226 1471 248 1520 c
261 1443 428 1538 apriore»
451 1441 670 1538 potissimum
695 1438 848 1530 disserit,
873 1460 1072 1533 quanquam
1092 1439 1195 1509 rebus
1217 1433 1289 1508 fac·

225 1556 342 1651 tisque
356 1579 426 1628 non
441 1556 542 1628 modo
558 1554 757 1627 satisfacere
770 1575 807 1626 se
821 1550 1037 1647 profiteatur,
1058 1551 1118 1622 sed
1137 1557 1173 1622 et
1193 1551 1288 1642 plus-

224 1695 327 1766 quam
338 1669 423 1742 satis
437 1671 484 1743 sit
495 1671 661 1743 tribuere.
1111 1761 1112 1764 Ἴ
1320 1757 1321 1762 ¹

271 1784 372 1870 Quod
391 1785 435 1856 ad
449 1790 611 1857 naturam
627 1782 834 1858 substantiae
857 1780 999 1872 attinet,
1014 1781 1052 1853 in
1066 1781 1130 1851 hoc
1146 1801 1289 1850 consen-

224 1899 343 1971 tiunt:
362 1898 600 1972 snbstantiam
616 1898 807 1992 quamlibet
822 1919 883 1991 per
903 1919 939 1968 se
954 1894 1154 1983 subsistere,
1174 1914 1194 1963 a
1214 1891 1287 1964 Deo

223 2016 364 2109 quidem
385 2021 421 2087 et
442 2014 612 2108 originem
635 2015 763 2086 habere
789 2020 825 2085 et
841 2012 1035 2105 dependere
1055 2034 1201 2106 semper,
1217 2032 1287 2082 non

223 2130 274 2201 ita
290 2152 385 2218 vero,
410 2136 451 2201 ut
466 2151 528 2223 per
552 2151 588 2200 se
602 2127 690 2200 nihil
709 2129 768 2216 sit,
792 2128 881 2199 nihil
898 2133 1022 2220 sponte
1035 2134 1136 2220 agat3
1153 2168 1197 2181 -
1214 2149 1289 2200 esso

223 2242 333 2335 igitur
349 2265 448 2313 suam
459 2242 583 2336 cuique
594 2241 739 2314 formam
753 2241 1033 2328 substantialem,
1049 2265 1110 2314 seu
1126 2250 1288 2315 naturam

223 2357 467 2450 energeticam‚
487 2380 555 2452 qua
580 2365 616 2429 et
643 2381 680 2432 se
700 2364 832 2440 tuetur,
852 2365 887 2428 et
912 2379 1006 2429 «suo
1030 2364 1142 2429 marte
1165 2381 1287 2451 opera-

221 2478 293 2560 tur,
309 2497 326 2538 »
343 2479 379 2542 et
394 2471 565 2566 quidquid
579 2470 617 2542 in
634 2494 670 2545 se
685 2483 737 2544 est
751 2493 813 2565 pro
827 2493 865 2542 re
879 2476 963 2541 nata
975 2469 1112 2542 efficere
1126 2479 1286 2557 conatur;

221 2626 265 2639 -
281 2585 371 2656 nihil
386 2592 504 2656 autem
515 2607 619 2678 agere
634 2584 823 2679 quidquam
830 2584 900 2656 nisi
909 2588 1067 2656 monendo
1075 2615 1089 2670 ,·
1105 2582 1193 2655 nihil
1207 2607 1289 2656 vero

222 2708 284 2771 aut
298 2723 334 2772 se
350 2707 411 2771 aut
430 2699 526 2771 aliud
541 2722 693 2789 movere,
710 2699 780 2771 nisi
795 2699 887 2792 quod
903 2706 1019 2770 motus
1035 2699 1090 2770 sui
1108 2698 1213 2770 finem
1231 2723 1290 2792 ap·

217 2829 312 2906 petat
322 2845 335 2900 ,·
346 2836 465 2886 rursus
482 2813 571 2884 nihil
585 2821 747 2909 appetere
758 2812 851 2908 quod
865 2835 936 2884 non
947 2816 1114 2904 pereipiat
1128 2843 1138 2884 .·
1153 2836 1289 2886 omnem

221 2929 341 3023 itaque
358 2929 591 3000 substantiam
606 2936 642 3001 et
653 2930 831 3025 percipere
846 2937 884 3003 et
899 2936 1062 3025 appetere
1081 2937 1117 3000 et
1136 2951 1287 3016 movere,

195 3124 197 3130 ¹
222 3043 259 3113 id
281 3049 346 3126 est,
370 3064 505 3114 omnem
522 3029 761 3115 ¹substantiam
790 3044 923 3133 vivere,
950 3066 1057 3137 quum
1087 3073 1104 3109 «
1132 3051 1201 3114 tres
1216 3043 1289 3115 illae

222 3156 418 3245 facultates,
425 3157 638 3250 perceptiva‚
647 3156 840 3251 appetitiva
854 3165 890 3228 et
908 3157 1077 3247 motiva»
1097 3156 1288 3229 certissima

221 3268 309 3340 vitae
323 3267 453 3340 indicia
468 3269 551 3342 sint.
567 3269 609 3341 In
622 3276 697 3343 tota
710 3269 821 3364 igitur
832 3292 948 3342 rerum
964 3277 1092 3342 natura
1111 3267 1200 3341 nihil
1212 3269 1287 3338 vita

222 3404 292 3454 non
313 3383 499 3476 praeditum
517 3405 611 3468 esse3
634 3391 822 3471 mortuum,
844 3384 1016 3456 incultum
1030 3389 1093 3455 aut
1109 3382 1286 3476 stupidum

222 3495 310 3566 nihil
321 3495 518 3590 ;siquidem
532 3497 624 3592 quod
637 3499 859 3593 perceptione
873 3505 1001 3584 careat,
1019 3497 1111 3568 idem
1128 3502 1165 3582 et
1179 3519 1284 3590 appe-

222 3609 292 3680 titu
306 3607 514 3680 destitutum
540 3609 597 3699 sit,
626 3610 773 3705 ideoque
788 3619 824 3684 et
840 3613 920 3684 nisu
936 3611 1121 3702 movendi3
1136 3611 1174 3683 id
1190 3609 1285 3682 scili-

219 3729 287 3811 cet,
304 3744 411 3817 quum
430 3721 520 3794 nihil
536 3731 631 3816 agat,
649 3723 781 3797 frustra
806 3725 854 3798 sit
867 3733 908 3798 et
930 3726 1042 3797 instar
1058 3725 1173 3814 nihili,
1200 3723 1284 3819 quin

220 3834 339 3926 etiam,
359 3859 493 3908 merum
507 3836 609 3908 nihil.
625 3839 744 3933 Longe
757 3839 877 3934 itaque
890 3848 1009 3912 errant
1023 3840 1083 3933 qui
1095 3838 1208 3910 Deum
1219 3861 1284 3931 pu-

219 3958 310 4040 tant,
326 3972 435 4042 quum
447 3950 661 4024 substantias
676 3961 809 4026 crearet
828 3957 912 4046 (tam
929 3955 1062 4026 nobiles
1077 3952 1211 4025 scilicet
1223 3975 1285 4023 en-

219 4065 341 4136 titates
356 4085 436 4158 quae
450 4086 512 4155 per
526 4088 562 4136 se
585 4067 839 4160 subsisterent),
860 4069 905 4140 iis
926 4091 1023 4140 saum
1044 4091 1108 4139 esse
1132 4074 1167 4138 et
1189 4089 1286 4138 suana

220 4184 355 4272 operare·
370 4201 440 4249 non
455 4179 621 4272 largitum
640 4203 727 4268 esse,
750 4205 848 4254 suam
862 4183 908 4255 iis
922 4184 1081 4273 formam,
1103 4173 1165 4256 seu
1179 4190 1283 4254 natu-

219 4319 306 4385 ram,
330 4319 391 4370 seu
419 4303 560 4385 ἐνέργειαν,
577 4318 646 4388 qua
661 4304 784 4389 sponte
804 4306 961 4389 agerent,
983 4296 1162 4369 invidisse.
1192 4295 1284 4380 Quid
