3196 5228
781 561 942 624 ...18-

320 711 460 798 putans,
486 724 566 774 eum
589 703 709 774 multis
724 702 760 774 in
783 704 866 775 loois
888 723 1152 798 praesupponere
1177 705 1389 800 (quanquam

319 817 356 887 in
371 814 493 888 multis
506 838 642 909 quoque
655 818 811 910 probare)
829 816 1026 910 generalem
1042 817 1186 889 Naturae
1200 799 1391 912 perceptio-

319 951 412 1019 nem,
432 928 474 1001 de
492 952 561 1023 qua
576 928 614 1000 in
628 951 755 1022 genere
775 930 864 1001 nihil
879 930 993 1003 adhue
1012 930 1180 1023 soriptum
1202 933 1386 1021 exstabat3

318 1043 435 1115 visum
468 1050 522 1116 est
550 1041 705 1134 ejusdem
739 1043 1001 1138 impressionem
1035 1041 1208 1136 tantisper
1240 1043 1391 1124 differre,

320 1156 402 1228 dum
418 1156 527 1228 alium
541 1157 742 1230 Tractatum
760 1158 842 1230 huio
855 1159 1077 1252 prodromum
1097 1157 1140 1229 de
1161 1161 1233 1230 Vtro
1252 1162 1392 1230 Notoroe

318 1270 576 1364 condonarem,
593 1279 629 1342 at
643 1270 681 1342 in
697 1272 810 1344 luoem
836 1273 986 1344 ederem.
1008 1271 1167 1358 Quatuor
1184 1268 1257 1361 jam
1277 1270 1392 1344 fluxe-

319 1389 403 1453 runt
417 1382 502 1454 anni
517 1404 537 1452 a
551 1405 619 1476 quo
635 1384 700 1456 hoo
716 1391 896 1478 peraotum
911 1391 1007 1455 est...
1025 1386 1034 1422 ¹
1053 1413 1086 1452 a.

364 1497 610 1591 Opportunum
634 1504 726 1570 esset
744 1497 912 1570 Glissonii
937 1498 1210 1592 metaphysioam
1231 1500 1269 1572 in
1283 1501 1393 1571 Trao·

315 1618 396 1682 tatu
412 1616 457 1680 lle
474 1615 609 1682 Natura
627 1617 822 1684 Salstoottoe
837 1611 910 1704 jam
929 1612 1140 1706 perquirere,
1159 1620 1194 1686 et
1219 1615 1392 1709 descripte

317 1747 506 1819 exponere,
524 1733 560 1798 et
577 1749 656 1798 oum
673 1725 845 1798 similibus
866 1726 1034 1798 Leibnitii
1053 1726 1202 1800 decretis
1219 1729 1389 1818 conferre,

318 1839 384 1909 nisi
407 1839 524 1932 potius
540 1838 720 1912 videretur
738 1862 849 1934 panna
863 1840 968 1912 etiam
992 1841 1220 1932 praemittere,
1237 1843 1282 1913 ad
1301 1842 1392 1914 hano

318 1953 548 2046 quaestionem
566 1952 761 2047 speotantia
777 1975 785 2024 :
803 1975 848 2024 an
864 1951 994 2044 soripta
1008 1951 1171 2025 Glissonii
1195 1952 1394 2026 Leibnitius

318 2067 538 2160 cognoverit,
567 2068 680 2162 iisque
704 2091 787 2140 usus
814 2067 881 2157 sit,
907 2073 989 2138 ante
1016 2090 1120 2160 quam
1146 2067 1297 2162 propriae
1320 2091 1394 2141 suae

319 2179 493 2252 doctrinm
511 2180 740 2253 fundamento
754 2188 910 2275 poneret.

350 2391 358 2425 ¹
378 2394 413 2442 De
429 2393 534 2441 Venerin.
548 2403 569 2442 et
582 2395 679 2451 latest,
694 2408 707 2442 o
723 2393 818 2443 Lectori
829 2392 952 2455 benevolo,
967 2409 982 2444 n
994 2407 1018 2457 p.
1031 2394 1053 2446 1.
