3156 5232
758 533 939 595 -lol-

357 662 473 734 Motus
491 663 695 756 plerumque
718 661 927 733 dividuntur
954 689 972 726 a
989 684 1102 734 crasso
1124 651 1237 752 modo,
1257 685 1380 736 secun-

313 779 395 848 dum
411 777 559 870 grandes
578 774 811 866 subjectorum
828 773 1052 848 differentias.
1071 804 1088 844 »
1111 776 1273 868 Subjeota
1287 779 1380 850 enim

312 899 470 963 motuum
490 920 506 956 a
525 889 732 961 dividuntur
744 889 782 960 in
797 888 1003 978 inanimata,
1019 890 1229 983 vegetabilis
1251 899 1287 963 et
1303 893 1381 964 ani-

312 1005 429 1077 malia.
447 1032 463 1072 a
478 1044 522 1058 -
536 997 752 1075 Ordiendum
767 1001 877 1095 igitur
890 1009 944 1074 est
958 1005 1002 1074 ab
1016 1002 1135 1075 infimo
1146 1002 1257 1098 gradu
1267 1027 1381 1100 neque

311 1118 583 1191 existimandum
598 1122 651 1188 est
663 1139 743 1210 quae
758 1143 777 1184 u
793 1115 1029 1189 distinotionis
1048 1117 1163 1209 gratia
1174 1145 1191 1184 »
1210 1126 1381 1191 vocantur

310 1234 516 1319 inanimata,
525 1255 566 1305 ea
578 1231 754 1304 esseomni
764 1232 841 1305 vita
855 1231 1035 1305 destituta.
1046 1231 1277 1327 «Quanquam
1286 1234 1380 1306 enim

311 1371 352 1420 ea
364 1349 439 1418 vita
455 1369 534 1440 quae
560 1353 706 1420 vocatur
720 1347 838 1419 anima
851 1346 1052 1439 vegetativa
1078 1347 1269 1418 orbantur:
1288 1347 1381 1440 (qnae

310 1462 400 1533 nihil
424 1461 523 1534 aliud
542 1468 596 1534 est
619 1461 688 1532 nisi
714 1461 790 1534 vita
814 1460 966 1532 influens
982 1483 991 1532 :
1007 1483 1086 1531 nam
1101 1459 1234 1554 plantae
1247 1459 1380 1556 duplici

311 1577 385 1647 vita
398 1575 578 1666 linuntur,
594 1575 702 1647 insita
719 1581 755 1648 et
767 1575 936 1647 influente
944 1597 956 1664 3
972 1581 1009 1646 et
1027 1575 1102 1646 haec
1116 1572 1287 1666 posterior
1304 1574 1380 1669 ipsa

311 1711 429 1761 earum
454 1689 553 1783 quasi
576 1687 693 1759 anima
718 1689 809 1778 est):
835 1709 905 1758 non
936 1692 1055 1758 tamen
1079 1691 1200 1758 carent
1224 1688 1381 1779 generali

310 1810 436 1873 natura
450 1801 550 1889 vitae,
580 1809 621 1873 ut
635 1824 680 1873 ex
702 1823 821 1872 eorum
848 1798 999 1872 motibus
1015 1801 1224 1894 probaturus
1239 1821 1329 1872 sum.
1360 1830 1377 1866 s

309 1916 423 2002 XXV,
440 1919 473 1988 4.
887 1916 889 1922 ’

359 2057 377 2097 a
397 2030 475 2103 Non
491 2030 760 2124 exspectandum
780 2037 834 2102 est
847 2052 903 2102 me
915 2050 1014 2122 posse
1028 2051 1146 2100 omnes
1161 2035 1319 2101 motuum
1335 2026 1381 2099 ad

310 2143 504 2216 inanimata
533 2142 763 2236 spectantium
787 2143 917 2236 species
948 2150 1110 2216 accurate
1134 2142 1192 2215 hio
1215 2142 1381 2236 perstrin-

311 2279 403 2350 gere.
425 2257 538 2327 Tanta
555 2258 648 2328 enim
671 2264 725 2328 est
743 2279 862 2328 eorum
880 2257 1031 2328 varietas
1054 2263 1090 2328 et
1107 2255 1272 2327 intricata
1290 2278 1380 2327 com-

310 2372 466 2464 plicatio,
500 2379 541 2444 ut
568 2374 835 2446 subtilissimum
863 2374 1043 2466 ingenium
1070 2372 1174 2446 facile
1201 2380 1378 2466 superent.

311 2486 398 2560 Cum
410 2511 492 2560 vero
509 2489 619 2561 satius
633 2490 680 2562 sit
692 2512 750 2560 eos
760 2512 897 2583 quoquo
913 2488 1069 2560 modoad
1083 2488 1271 2582 aliqualem
1287 2488 1381 2559 ordi-

310 2625 389 2673 nem
411 2603 589 2691 reducere,
618 2625 722 2697 quam
752 2604 954 2696 permittere
976 2610 1018 2674 ut
1039 2602 1239 2675 intellectus
1261 2625 1380 2675 eorum

308 2715 537 2788 multitudine
548 2719 717 2789 obruatur
735 2725 771 2788 et
785 2716 1031 2806 confundatur,
1049 2724 1195 2790 conatus
1211 2715 1288 2789 sum
1303 2740 1379 2789 eos-

308 2830 389 2903 dem
402 2832 441 2902 in
453 2838 566 2904 certas
576 2832 702 2904 classes
717 2832 892 2925 colligere.
910 2862 926 2896 s
941 2831 983 2903 Iu
998 2833 1152 2926 quinque
1167 2831 1276 2924 igitur
1292 2834 1380 2904 olas·

308 2968 363 3018 ses
382 2951 497 3018 motus
513 2945 785 3018 inanimatorum
803 2946 854 3018 sic
874 2946 1079 3018 dividantur
1096 2973 1104 3016 :

358 3089 376 3127 a
399 3065 516 3132 Primo
536 3065 645 3132 classis
662 3058 819 3131 continet
838 3060 979 3132 Formas
1003 3068 1040 3133 et
1060 3069 1175 3132 motus
1197 3085 1276 3155 quae
1289 3063 1380 3134 ciros

311 3172 544 3244 dimensiones
569 3180 606 3244 et
631 3171 822 3266 posituram
844 3173 1003 3245 materiae
1024 3182 1273 3248 exercentur...
1298 3182 1381 3247 sunt

311 3293 440 3366 autem,
454 3325 497 3340 —
514 3287 546 3356 l.
561 3284 725 3357 Densitas
740 3291 776 3356 et
789 3284 937 3375 raritas3
954 3307 1041 3380 quas
1055 3294 1239 3359 conservat
1252 3289 1290 3359 in
1304 3294 1377 3360 sta-

310 3406 350 3472 tu
364 3422 431 3493 quo
448 3406 531 3470 sunt
543 3407 658 3472 motus
675 3399 862 3488 libertatis,
876 3422 1031 3494 quasque
1043 3407 1157 3474 mutat
1173 3407 1288 3473 motus
1299 3423 1382 3473 oon·

311 3513 526 3585 densationis
556 3521 592 3586 et
615 3512 868 3585 rarefactionis.
887 3551 929 3567 —
947 3513 982 3586 2.
1000 3513 1182 3587 Crassities
1196 3523 1233 3588 et
1244 3515 1381 3587 subtili·

310 3632 377 3714 tas,
401 3647 486 3718 quas
499 3626 698 3719 producunt
717 3633 832 3697 motus
858 3625 1074 3699 incrassandi
1096 3635 1133 3701 et
1147 3627 1378 3701 subtilisndi:

312 3760 432 3810 earum
447 3736 591 3812 effectus
600 3747 683 3812 sunt
696 3745 811 3811 motus
821 3741 1029 3832 penetrandi
1040 3764 1104 3814 seu
1116 3741 1330 3836 permeandi,
1346 3748 1382 3813 et

311 3859 427 3923 motus
441 3853 658 3944 obstruendi,
673 3875 734 3926 seu
744 3853 1099 3947 impenetrabilitatis.
1127 3897 1171 3910 -
1186 3856 1219 3927 3.
1237 3853 1381 3928 Unifor-

311 3964 416 4035 mitas
430 3965 608 4058 positurae,
624 3966 845 4057 difformitas,
864 3967 1047 4040 uniformis
1061 3967 1282 4058 difformitas,
1301 3991 1382 4064 qua-

311 4101 390 4149 rum
410 4079 541 4172 species
566 4081 896 4173 sunt,1.porositas
918 4087 954 4153 et
977 4082 1197 4177 imporositas
1224 4103 1278 4155 22.
1299 4106 1381 4178 opo·
1484 4083 1486 4086 ’

313 4191 401 4263 citas
415 4199 451 4264 et
464 4192 729 4287 diaphaneitas3
748 4215 774 4265 s.
794 4194 950 4288 positura
969 4195 1111 4283 striata;
1135 4215 1162 4268 r.
1184 4197 1378 4287 laminata3
