3156 5232
606 495 786 572 ..107-

167 622 318 717 quesibi
341 621 489 714 hostilis)
507 632 715 712 contactum,
733 645 836 718 quam
850 643 960 693 vacuo
976 645 1019 696 ax
1038 623 1113 714 ulla
1133 630 1231 719 parte

169 735 224 808 sui
240 735 380 830 exponi.
396 735 498 809 Ratio
521 735 666 810 forsitan
681 759 754 808 esse
771 742 896 830 potest,
918 737 1009 831 quod
1030 737 1140 807 multo
1154 739 1232 830 plus

168 847 431 942 complacentia&
451 856 557 944 atque
591 848 759 923 utilitatis
791 872 834 921 ex
859 850 1007 920 aliorum
1038 871 1230 942 corporum,

169 985 274 1057 quam
289 986 333 1037 ex
347 964 530 1038 non-entis
553 987 614 1037 seu
628 964 731 1035 vacui
748 969 910 1036 contactu
931 961 1112 1057 percipiat.
1135 969 1231 1034 Omne

168 1083 254 1150 enim
267 1102 322 1152 eva
336 1084 453 1152 bonam
467 1094 522 1164 est,
536 1095 565 1150 at
579 1103 637 1152 suo
656 1084 750 1150 inodo
768 1083 846 1150 otilo
860 1108 870 1149 :
887 1101 1030 1150 coenam
1040 1083 1173 1168 frastra
1187 1091 1232 1150 cst

168 1197 310 1285 aptam
323 1198 448 1266 inatile.
468 1223 486 1261 a
501 1193 629 1281 XXVI,
649 1197 682 1268 5.

215 1335 233 1376 a
254 1309 413 1388 vacuum
427 1309 662 1403 excogitatum
685 1310 767 1400 fuit,
786 1315 828 1381 ut
841 1307 1121 1381 condensationis
1139 1307 1229 1379 ratio

167 1445 229 1520 per
245 1423 482 1498 exclusionem
491 1425 595 1496 vacui
611 1432 648 1498 et
659 1423 899 1497 rarefactionis
913 1445 974 1517 per
986 1421 1231 1494 admissionem

167 1538 336 1632 ejusdem,
353 1538 566 1614 redderetur.
587 1541 716 1613 Verum
733 1540 787 1614 hae
805 1563 874 1612 non
889 1543 972 1612 sunt
995 1536 1158 1632 genuinae
1173 1536 1231 1608 ho·

165 1675 244 1728 rum
258 1660 416 1732 motuum
428 1653 655 1729 evolutiones.
672 1655 810 1728 Dantur
830 1653 1053 1726 condensatio
1077 1658 1113 1724 et
1134 1674 1230 1724 rare-

165 1764 272 1840 factio
287 1767 324 1838 in
337 1769 635 1862 propriosensu...
652 1769 757 1860 Quas,
775 1772 906 1863 absque
919 1789 1029 1840 vacuo
1049 1773 1112 1838 aut
1124 1788 1230 1859 pene-

167 1882 319 1956 tratione
356 1883 631 1956 substautiarum
668 1882 835 1978 explicari
865 1906 934 1954 non
970 1904 1070 1977 posse
1096 1880 1229 1966 fateor;

166 2018 288 2068 verum
321 2018 433 2090 nequa
458 1997 682 2072 condensatio
712 1997 798 2070 dicit
827 2004 959 2070 motum
986 1996 1031 2067 ad
1066 1992 1230 2085 majorem

166 2109 437 2204 imporositatem
447 2117 483 2182 ct
497 2112 731 2184 exclusionem
746 2113 860 2202 vacui,
877 2134 941 2184 nec
956 2107 1139 2183 rarefactio
1156 2131 1229 2178 mo·

164 2230 241 2296 tum
256 2223 301 2293 ad
327 2221 492 2314 majorem
511 2227 734 2319 porositatem
760 2231 797 2296 et
810 2224 1060 2297 admixtionem
1082 2220 1227 2293 vacui...

164 2338 281 2409 Satius
295 2361 376 2432 ergo
391 2347 445 2412 est
459 2340 645 2413 admittere
657 2340 933 2434 penetrationem
948 2361 1052 2433 quam
1065 2359 1226 2410 vacuum.

164 2450 280 2536 Quare
302 2452 369 2524 hoc
382 2459 550 2544 superest,
576 2460 617 2524 ut
633 2460 765 2525 motum
786 2451 1038 2546 penetrationis
1065 2451 1226 2523 substan-

162 2567 291 2637 tiarum
302 2565 519 2640 vindicemus
533 2571 557 2638 ¹.
573 2567 713 2640 Etenim
732 2567 769 2639 in
781 2565 1063 2656 condensatione,
1082 2565 1228 2637 materia

163 2679 311 2752 retrahit
342 2702 422 2752 suas
444 2687 561 2776 partes
584 2682 771 2755 exteriores
790 2681 828 2752 in
855 2680 1050 2768 interiores,
1081 2684 1117 2751 et
1140 2679 1228 2750 inte-

163 2793 270 2865 riores
280 2794 585 2887 proportionaliter
602 2795 779 2867 densiores
795 2795 908 2879 fiunt;
930 2794 968 2866 in
984 2793 1225 2880 rarefactione,

163 2913 278 3000 partes
291 2907 492 3002 priusintra
520 2910 606 2981 alias
627 2909 801 2982 conclusae
829 2909 1069 3001 egrediuntur,
1096 2909 1229 2982 locum·

164 3043 231 3114 qne
260 3021 327 3093 sibi
354 3023 565 3116 peculiarem
590 3031 795 3116 exposcunt,
826 3031 863 3096 et
894 3023 1041 3096 rariores
1077 3021 1179 3095 fiunt.
1208 3051 1226 3088 a

163 3133 309 3226 XXVII,
325 3135 380 3208 28.

207 3251 263 3321 Ab
289 3250 434 3324 ineunte
455 3253 595 3346 quidem
618 3260 724 3326 aetate
748 3255 991 3327 consuevimus
1015 3255 1168 3349 cogitare
1192 3263 1229 3330 et

163 3363 276 3436 dicere
299 3386 369 3436 non
395 3364 471 3437 dari
492 3369 769 3459 penetrationem
797 3390 1019 3462 corporum...
1048 3369 1240 3466 Simulque·

162 3499 222 3572 pro
238 3500 398 3550 concesso
410 3479 594 3554 habuimus
609 3483 884 3576 penetrationem
894 3506 1074 3580 corporum
1085 3492 1121 3557 et
1130 3486 1226 3557 subs·

162 3593 354 3666 tautimum
365 3593 459 3668 idem
469 3619 604 3670 sonare.
623 3597 689 3670 Sed
703 3599 805 3692 pauci
820 3600 1010 3674 advertunt
1027 3624 1144 3674 veram
1169 3625 1225 3674 ra·

162 3706 293 3780 tionem
307 3731 370 3780 our
384 3733 526 3806 corpora
537 3734 608 3785 non
619 3734 656 3785 se
668 3719 789 3786 mutuo
802 3720 986 3810 penetrent
999 3738 1073 3788 esse
1085 3717 1224 3810 quanti·

162 3825 272 3894 tatem
286 3825 458 3898 actualem
476 3849 544 3921 qua
557 3850 699 3922 corpora
713 3836 866 3901 amutua
880 3830 1134 3903 dimensionum
1145 3852 1225 3902 sua-

163 3959 238 4008 rum
270 3937 453 4012 invasione
485 3943 705 4026 muniuntur,
736 3965 798 4016 seu
831 3967 905 4017 sose
937 3969 959 4017 a
990 3944 1102 4038 spatio
1134 3946 1226 4039 quod

193 4102 201 4137 ¹
221 4103 306 4156 Leito.
318 4105 355 4156 De
370 4108 433 4156 Vero
446 4107 569 4169 Hattodo,
581 4109 676 4176 littra,
688 4125 712 4176 p.
724 4091 778 4163 1'11.
792 4125 807 4162 c
820 4113 932 4164 Nondum
945 4113 1048 4165 evictum
1061 4118 1098 4165 est
1110 4117 1225 4179 penetra-

162 4184 250 4236 tionem
261 4199 390 4250 corporum
402 4185 484 4239 abeam
495 4203 509 4238 a
522 4195 617 4244 nature.
627 4205 641 4240 n
