3156 5232
629 569 787 630 ..ῃ-

177 695 323 767 tentiam
345 693 643 764 fundamentalem
672 693 826 788 disponit
856 702 893 766 et
925 692 1065 786 coaptat
1092 695 1136 765 ad
1166 697 1246 765 sual

177 808 406 902 operationes.
418 807 535 900 Atque
548 807 631 879 hinc
645 807 862 901 operationes
877 805 1019 880 abintus
1038 807 1245 901 'provenien'-

179 931 231 994 tes
246 922 467 1015 appellantur
475 921 671 992 naturales:
690 943 837 1014 quaeque
854 923 897 993 ab
914 921 1053 992 interno
1069 915 1133 992 hod
1147 921 1243 1014 prin:

177 1037 266 1129 cipio
278 1035 502 1123 dissentiunt,
516 1035 593 1106 eive
607 1035 678 1104 vim
695 1034 865 1124 inferunt,
882 1037 1239 1124 vocanturviolenlae‚

177 1158 212 1222 et
224 1157 353 1244 praeter
368 1158 541 1220 naturam.
559 1177 575 1215 a
607 1149 715 1239 (XIII,
735 1149 822 1238 4-5.)

222 1263 352 1336 Verum
371 1263 591 1334 «radicalem
608 1261 713 1354 hujus
732 1267 867 1334 naturae
891 1265 1099 1356 energeticae
1117 1264 1245 1356 perfec-

176 1380 319 1463 tionem,
346 1406 363 1445 >›
396 1377 539 1470 ejusque
563 1406 580 1442 o
604 1377 830 1449 eminentiam
855 1385 890 1449 et
919 1377 1160 1470 dignitatem»
1183 1369 1257 1450 vix'

176 1492 261 1563 satis
276 1490 443 1578 declarat,
466 1489 529 1582 qui
552 1512 628 1561 eam
652 1497 791 1561 tantum
810 1521 826 1556 ι(
847 1491 1055 1584 principium
1078 1493 1245 1585 operatio·

176 1628 260 1676 num
284 1633 301 1670 a
334 1589 433 1684 dicit.
460 1601 536 1688 Quo
559 1603 652 1674 enim
676 1602 777 1674 modo
803 1612 929 1674 natura
954 1627 1011 1675 eas
1029 1607 1244 1698 operationes

176 1720 321 1812 attingit
341 1726 446 1812 atque
468 1717 569 1788 edit?
587 1745 604 1785 c
623 1717 729 1790 Multi
749 1717 888 1810 quidem
907 1719 1064 1791 fatentur
1086 1722 1246 1791 substan·

175 1834 243 1904 tias
265 1855 340 1905 esse
366 1832 490 1903 ultima
512 1833 684 1926 principia
706 1835 895 1927 operandi;
914 1858 992 1904 cum
1017 1859 1098 1906 vero
1115 1835 1159 1905 ad
1176 1859 1244 1906 mo-

175 1941 257 2011 dum
283 1940 472 2011 deventum
496 1940 555 2029 sit,
577 1939 680 2010 aliter
703 1940 806 2032 longe
828 1942 1046 2034 loquuntur:
1066 1940 1244 2036 Quidquid

175 2060 348 2143 movetur,
370 2061 537 2147 'perpetuo
560 2052 715 2140 moveri;
741 2054 912 2148 quidquid
927 2065 1100 2140 movetur,
1118 2057 1161 2126 ab
1176 2057 1244 2126 alio
1326 2097 1330 2108 ·

174 2167 309 2240 moveri
323 2192 332 2251 ;
352 2169 508 2239 eamdem
524 2167 782 2262 proportionem
797 2177 912 2240 motus
926 2169 962 2239 in
977 2169 1141 2240 universo
1157 2191 1244 2240 sem-

174 2305 405 2378 permanere,
429 2289 568 2353 tantum
592 2291 751 2376 respectu
775 2283 1038 2376 particularium
1063 2307 1244 2377 corporum

175 2398 320 2487 variari,
348 2419 554 2489 omnemque
577 2404 711 2468 motum
733 2419 807 2470 esse
832 2397 1026 2491 pulsionem
1044 2395 1241 2492 quamdam.

176 2511 271 2582 Adeo
289 2510 414 2583 nullibi
430 2518 563 2581 motum
580 2533 666 2604 pure
687 2511 828 2582 abintus
845 2512 1106 2604 provenientem
1123 2530 1245 2605 agnos-

176 2631 290 2696 cunt:
316 2625 443 2696 nedum
470 2627 689 2717 operationes
718 2626 894 2697 naturales
919 2627 994 2698 esse
1015 2627 1158 2698 latentis
1178 2649 1240 2696 cu-

171 2739 311 2831 jusdam
330 2739 415 2810 vitae
440 2737 576 2810 fructus
599 2747 635 2811 et
659 2739 790 2810 indicia
812 2748 874 2809 aut
896 2741 1064 2832 cogitant,
1083 2749 1145 2810 aut
1172 2763 1243 2812 cre-

175 2853 276 2922 dunt.
292 2851 407 2936 Quare
422 2853 651 2924 eminentiore
665 2851 778 2924 adhuc
792 2853 897 2923 titulo
911 2853 988 2924 haec
1001 2857 1127 2923 natura
1142 2877 1243 2924 ener-

149 2949 288 3058 ¹getica
313 2966 571 3037 cohonestanda
597 2973 662 3055 est,
683 2967 747 3036 tali
771 2967 935 3037 nimirum
967 2989 1033 3060 quo
1063 2991 1139 3038 eam
1168 2991 1243 3039 esse

174 3079 284 3151 vitale
312 3080 486 3172 quoddam
511 3079 677 3173 operandi
703 3079 925 3174 principium,
955 3082 1012 3152 vel
1036 3095 1110 3152 esse
1132 3079 1243 3152 vitam

174 3192 363 3288 quamdam
380 3195 656 3283 substantialem,
673 3195 868 3266 innotescat
881 3196 906 3265 ¹.
924 3195 1055 3266 Vocare
1070 3217 1145 3266 eam
1161 3219 1243 3289 ergo

174 3329 399 3401 possumus...
414 3309 462 3382 τὴν
477 3309 614 3392 trappas,
630 3313 741 3398 attola,
759 3309 815 3379 vel
829 3313 906 3379 eltoe
923 3313 1168 3399 principium...
1188 3309 1242 3382 Si-

173 3421 303 3491 militer
319 3423 362 3493 ob
383 3420 566 3492 entitatem
589 3421 853 3494 substantialem
874 3423 1047 3516 appellare
1062 3445 1243 3516 possumus

173 3541 223 3615 τὴν
249 3542 381 3618 tenuatus,
411 3539 515 3604 cltum
538 3539 795 3620 substantiolam,
819 3537 876 3607 vel
905 3541 981 3607 ciloe
1010 3542 1240 3609 substantiola.

174 3649 260 3719 Haec
279 3649 372 3719 enim
394 3650 536 3721 nomina
556 3651 700 3722 vitalem
725 3649 863 3721 modum
885 3650 1082 3743 attingendi
1108 3659 1144 3723 et
1161 3653 1244 3746 pro-¹

205 3864 212 3896 ⁴
232 3862 271 3911 cl.
286 3861 371 3912 Leibu.
385 3863 455 3924 Spst.
468 3873 544 3909 actu.
562 3860 591 3909 dc
608 3858 634 3908 to
649 3865 706 3908 ool.
725 3857 818 3919 nrum„
833 3872 855 3922 p.
869 3858 922 3909 125.
936 3871 950 3908 o
963 3859 1127 3910 Leonnatum
1140 3861 1242 3912 consisto

172 3943 230 3994 dans
243 3941 265 3991 lu
280 3942 356 4000 lorce,
371 3940 436 3990 etde
456 3941 479 3989 ln
500 3939 600 3988 s’ensuit
611 3938 712 4002 quelque
729 3937 800 3988 chose
815 3938 984 4004 d'analoglque
1002 3953 1033 3990 au
1052 3940 1180 3990 sentiment
1191 3942 1240 3992 etl

172 4021 310 4086 l'oppttit...
323 4020 351 4070 Jc
363 4021 400 4069 les
413 4017 506 4083 appelle
518 4019 611 4067 Forces
622 4017 774 4082 primitivae,
786 4019 825 4082 uni
836 4032 866 4068 ne
879 4007 1035 4070 contien‘u'eni
1053 4033 1095 4082 pas
1111 4009 1242 4070 seulement

171 4097 241 4149 l’ucte
252 4105 284 4149 tu
298 4099 320 4150 lc
333 4091 535 4150 commenccmcnt
548 4100 577 4147 dc
598 4098 620 4148 la
632 4096 772 4159 rusiorum,
796 4099 856 4146 mais
876 4111 963 4148 encore
983 4111 1030 4148 unc
1051 4098 1145 4148 activitl
1163 4099 1241 4161 origi-

173 4178 234 4230 nale.
248 4194 306 4230 u-
325 4180 364 4229 Ad
378 4182 426 4230 Des
445 4181 542 4237 nosses,
553 4179 640 4240 ΧΧΙΧ,
655 4177 748 4237 ΕνιΙιυ.,
764 4194 785 4240 p.
797 4178 852 4240 739,
866 4177 940 4228 coll
957 4195 962 4230 :
980 4177 1090 4228 «ilerum
1102 4178 1242 4228 substantie

172 4259 286 4311 iudicium
300 4260 369 4310 actio.
383 4275 396 4308 u
