3156 5232
182 830 331 906 fallitur.
352 831 430 906 Non
451 832 545 904 enim
564 831 752 927 quaerimus
775 855 913 907 causam
933 837 1247 930 supernaturalem,

184 949 277 1042 (quae
303 947 555 1040 'l'heologorum
576 947 737 1020 materies
760 953 838 1039 est),¹
863 949 924 1021 sed
938 949 1132 1022 naturalem
1160 952 1249 1042 (quae

181 1059 464 1154 Physicorum)...
483 1061 582 1134 Ultro
597 1061 766 1154 largimur
778 1063 891 1135 Deum
914 1085 988 1136 esse
1012 1062 1247 1135 immediatam

183 1175 339 1247 omnium
357 1173 545 1248 effectuum
564 1198 720 1261 causam3
742 1176 803 1247 sed
819 1175 894 1270 pari
909 1173 990 1268 jure
1012 1177 1107 1249 Deus
1136 1175 1249 1271 prima

185 1294 361 1362 causaest
384 1289 539 1362 omnium
564 1289 816 1382 operationum,
837 1297 913 1362 tum
939 1290 1154 1380 animalium,
1171 1299 1247 1362 tum

184 1401 498 1476 inanimatorum...
514 1403 590 1476 Non
615 1404 804 1477 deserenda
818 1412 945 1476 natura
959 1413 1023 1490 est,
1044 1429 1111 1476 non
1126 1404 1246 1477 consu·

184 1515 350 1610 giendum
365 1517 409 1588 ad
424 1517 603 1608 miracula,
619 1525 661 1589 ut
672 1524 810 1590 naturae
825 1519 981 1591 defectus
996 1521 1245 1612 suppleantur:

185 1631 292 1716 Quasi
303 1632 398 1705 Deus
408 1633 587 1727 agentium
605 1632 817 1706 naturalium
833 1640 974 1704 naturas
992 1633 1103 1728 primo
1120 1632 1248 1726 impor-

183 1742 292 1817 fectas
306 1745 458 1831 fecisset,
477 1754 513 1820 et
524 1747 680 1820 defectus
694 1748 841 1822 subinde
857 1748 1042 1821 creationis
1058 1771 1131 1820 suae
1144 1749 1248 1820 mira·

183 1861 311 1952 culose,
322 1883 383 1934 seu
393 1862 649 1956 supernaturali
663 1885 843 1953 concursu,
854 1864 981 1935 sarcire
996 1871 1135 1935 coactus
1144 1871 1247 1936 esset.

183 1973 255 2068 Ego
278 1997 337 2048 eos
359 1976 521 2070 indignos
545 1976 757 2050 refutatione
779 1978 919 2071 deputo,
945 1975 1062 2070 quiin
1084 1977 1249 2071 disquisi-

183 2089 279 2162 tione
306 2089 349 2163 de
377 2092 491 2162 causis
513 2091 745 2181 naturalibus,
774 2098 815 2162 ut
845 2114 944 2162 suam
972 2093 1087 2184 legum
1113 2099 1249 2162 naturae

182 2203 416 2297 ignorantiam
440 2206 564 2288 celent,
576 2205 689 2278 Deum
706 2205 853 2278 subinde
879 2207 915 2276 in
931 2206 1147 2299 proscenium
1166 2228 1247 2277 evo·

182 2325 306 2392 cant...
334 2318 547 2413 Diligentius
567 2319 815 2414 inquirendum
839 2326 904 2405 est,
922 2325 958 2389 et
979 2341 1083 2390 causa
1110 2316 1247 2390 effectui

181 2432 365 2527 adaequate
402 2434 614 2527 respondens
643 2440 697 2506 est
735 2431 990 2505 invenienda...
1033 2429 1249 2525 Impossibile

182 2547 276 2620 enim
297 2553 363 2638 est,
382 2547 525 2621 effectus
541 2548 712 2620 naturalis
727 2548 896 2619 virtutem
921 2568 1035 2620 causae
1058 2546 1245 2617 excedat...

182 2659 220 2734 Si
232 2683 314 2754 ergo
328 2659 471 2734 effectus
493 2661 665 2734 naturalis
688 2659 837 2732 nobilior
855 2660 903 2732 sit
923 2682 1027 2731 causa
1045 2659 1101 2731 cui
1114 2683 1135 2730 a
1149 2658 1249 2731 nobis

181 2775 363 2857 tribuitur,
378 2797 518 2848 necesse
533 2783 586 2849 est
605 2775 642 2846 in
664 2782 790 2846 natura
804 2774 915 2846 subsit
925 2775 995 2844 alia
1009 2795 1114 2844 causa
1128 2781 1164 2844 et
1178 2773 1248 2845 sal-

182 2895 253 2961 tem
273 2889 457 2984 adaequata
473 2887 624 2978 effectui,
641 2895 820 2982 utcunque
839 2887 973 2958 anobis
986 2889 1033 2958 sit
1049 2886 1179 2979 ignota.
1199 2886 1249 2958 Ut

182 3002 353 3075 instinctu
382 3003 532 3098 quodam
559 3010 696 3074 naturae
729 3025 811 3074 aves
839 3002 952 3095 pullos
985 3025 1028 3075 ex
1066 3001 1141 3072 ovis
1177 3000 1248 3070 suis

183 3124 399 3212 exspectant.
413 3117 637 3212 Exspectatio
650 3116 726 3189 haec
737 3122 791 3189 est
802 3115 946 3188 effectus
956 3117 1016 3211 qui
1030 3136 1098 3186 non
1110 3122 1248 3186 tantum

183 3251 335 3322 sensum,
362 3231 430 3304 sed·
446 3240 482 3305 et
506 3232 678 3304 rationem
708 3229 898 3303 acutissimi
922 3228 1118 3323 philosophi
1136 3229 1248 3318 (inex-

181 3347 277 3440 perti
290 3343 373 3418 talis
387 3349 559 3437 euentus),
579 3345 681 3418 facile
693 3351 843 3439 superet.
862 3345 929 3416 Sed
941 3343 1025 3415 vitae
1040 3342 1191 3413 naturali
1206 3344 1249 3414 ab

163 3513 165 3520 ,
181 3459 284 3534 initio
298 3468 382 3533 nota
393 3460 600 3533 suntomnia
612 3483 675 3532 sua
688 3482 803 3553 opera.
820 3459 970 3530 Tantum
985 3457 1042 3529 hic
1062 3460 1249 3550 quaerenda

182 3582 236 3648 est
251 3573 311 3647 via
330 3597 399 3671 qua
417 3583 533 3670 partes
548 3573 764 3668 generationi
782 3571 1013 3644 inservientes
1030 3594 1128 3643 suam
1146 3577 1249 3641 natu-

181 3689 290 3762 ralem
314 3689 571 3784 perceptionem
593 3686 778 3760 animalem
801 3685 974 3758 reddant:
1001 3682 1248 3780 quodquidam

181 3810 281 3877 motu
294 3804 445 3898 quodam
464 3825 651 3876 nervorum
665 3802 768 3874 dictis
784 3801 941 3896 partibus
958 3791 1246 3886 ministrantium,

182 3917 390 4011 cerebroque
410 3917 506 3989 ideas
527 3918 703 4012 pullorum
734 3921 769 3988 et
792 3923 933 4008 storgcn
956 3912 1244 4008 imprimentium,

121 4017 126 4028 ⁸
180 4028 257 4103 fieri
271 4029 461 4103 verisimile
474 4036 545 4122 est3
562 4053 626 4103 nec
644 4030 737 4124 cogit
753 4028 942 4101 necessitas
955 4027 1012 4099 vel
1022 4026 1130 4099 hicad
1146 4025 1247 4097 mira·

182 4147 261 4218 cula
274 4145 528 4239 confugiamus.
540 4175 557 4210 »
583 4144 711 4234 XXIV,
730 4144 764 4232 7,
781 4142 815 4214 8.

224 4259 383 4334 Tertium
397 4259 602 4355 proponitur
620 4257 817 4330 Axiomatis
832 4255 924 4351 quod
937 4255 1151 4328 trutinamus
1169 4255 1247 4329 fun«

183 4375 383 4449 dementum
402 4399 411 4446 ε
439 4403 455 4440 u
476 4374 674 4446 Inanimata
695 4371 863 4445 moveria
890 4376 1125 4442 removentibus
1147 4378 1247 4462 inape«
