3196 5228
661 603 820 671 -17-

205 742 319 838 ceptio
348 741 520 814 naturalis
545 749 599 814 est
626 743 738 835 prima
761 763 843 835 pars
868 771 884 810 s
915 750 950 814 ei
976 742 1074 836 quasi
1103 774 1120 809 a
1144 743 1271 816 basis»

205 863 252 951 ln·
272 857 346 948 194)
359 859 382 929 ¹·
547 870 549 874 ·

249 971 364 1058 Quum
389 995 472 1044 vero
497 995 609 1044 meum
636 961 770 1044 non‘sii
785 981 895 1044 totam
920 971 1170 1045 irritabilitatis
1192 973 1275 1046 doa-

204 1087 346 1169 trinam,
362 1084 476 1181 qualis
497 1088 590 1180 apud
607 1084 820 1159 Glissonium
841 1087 977 1175 existit,
996 1087 1053 1158 hic
1067 1085 1180 1159 fusius
1197 1088 1275 1160 des·

204 1201 353 1288 cribere,
385 1206 535 1272 ceteram
561 1201 651 1272 hanc
679 1201 850 1272 theoriam
875 1208 910 1271 et
934 1199 1061 1271 librum
1096 1223 1165 1294 quo
1191 1225 1276 1272 con·

203 1316 338 1387 tineiur
364 1312 437 1405 jam
470 1314 638 1387 omitto².
669 1315 757 1400 Quae
786 1314 830 1386 ad
861 1338 924 1386 nos
956 1323 1102 1386 eatenus
1134 1323 1275 1387 tantum

204 1435 376 1522 spectant,
406 1429 498 1521 quod
532 1457 548 1492 s
569 1437 730 1500 naturam
760 1428 968 1501 substantiae
997 1429 1231 1522 energelioam
1257 1458 1274 1498 a

203 1544 395 1614 illustrant.
431 1542 648 1616 Aretissimis
685 1551 803 1616 antem
832 1542 984 1614 vinculis
1018 1550 1191 1616 tractatus
1219 1543 1277 1617 hio

203 1656 421 1729 anatomicos
446 1679 525 1729 oum
551 1657 612 1728 illo
638 1657 877 1751 metaphysica
905 1658 979 1750 (qui
1002 1680 1064 1729 nos
1085 1659 1157 1749 jam
1182 1659 1277 1729 solus

204 1771 388 1863 detinebit)
412 1767 652 1864 conjungitur,
672 1773 723 1842 ita
744 1779 786 1842 ut
806 1793 916 1841 unum
937 1771 982 1842 ad
1002 1773 1150 1842 alierum
1174 1774 1277 1865 plane

204 1886 471 1979 intelligendum
506 1886 656 1958 multum
683 1885 802 1958 iaciat.
826 1885 878 1958 De
900 1908 968 1980 quo
991 1897 1190 1958 monentem
1214 1911 1277 1958 nos

203 2011 379 2074 auctorem
406 2000 521 2094 ipsum
548 1999 695 2072 audias:
722 2029 738 2065 «
762 1998 969 2085 Quindecim
996 2000 1178 2073 minimum
1202 1999 1274 2093 jam

202 2116 286 2186 anni
297 2113 565 2209 praeterierunt,
582 2114 653 2195 ait,
671 2137 692 2184 a
710 2137 778 2208 quo
792 2115 947 2207 tempore
963 2114 1164 2188 Tractatum
1181 2116 1278 2189 hunc

202 2230 437 2303 anatomioum
458 2217 570 2322 primo
588 2228 804 2322 scripseram.
825 2229 954 2301 Verum
968 2254 1102 2302 mecum
1117 2239 1203 2303 tunc
1218 2255 1273 2303 re·

234 2462 242 2496 ¹
263 2460 307 2512 liis
318 2460 399 2511 verbis
411 2461 461 2524 ipse
469 2464 552 2510 noster
563 2471 689 2508 rammam
700 2457 890 2521 probaturusne
901 2471 927 2508 se
939 2459 962 2508 in
975 2458 1021 2509 hoo
1032 2459 1111 2524 eapite
1119 2475 1155 2513 tu
1167 2461 1258 2526 colligit
1270 2476 1278 2515 τ

201 2553 216 2589 u
229 2539 265 2590 Es
278 2539 480 2600 dictiselucesoit,
487 2538 538 2589 dari
547 2539 631 2589 reverd
644 2545 694 2588 tres
704 2537 875 2588 indebilitatis
883 2538 999 2589 librarum
1009 2542 1110 2606 species,
1122 2542 1275 2607 naturalem,

201 2622 352 2672 sensitivam
360 2628 502 2680 eateraam,
522 2625 547 2670 et
565 2633 583 2669 a
600 2618 741 2685 phantasia
758 2617 900 2682 imperatam
913 2631 920 2671 :
933 2627 958 2670 et
969 2620 1094 2685 primsma
1109 2621 1160 2674 salt
1172 2636 1276 2689 pereep-

201 2700 266 2751 tione
284 2700 405 2762 naturali;
427 2698 556 2749 meandum
567 2711 581 2748 a
593 2712 663 2748 sensu
675 2704 786 2757 externo,
805 2697 924 2749 mediante
945 2699 1045 2762 positiva
1063 2700 1159 2753 ratione
1171 2715 1272 2768 percep·

201 2782 275 2832 tionis
286 2779 417 2843 naturalis;
429 2782 526 2831 tertiam
538 2779 568 2830 ab
581 2779 689 2846 appetitu
701 2778 808 2841 interno,
820 2777 947 2841 phantasia
958 2779 1089 2846 dirigente,
1106 2788 1131 2833 et
1145 2781 1277 2834 subminis-

201 2867 280 2912 trtute
299 2861 323 2911 in
338 2860 438 2926 ejusden
451 2859 604 2911 exsecutione
623 2859 777 2925 perceptione
788 2859 903 2918 naturali,
917 2873 1069 2924 promanans.
1084 2861 1120 2911 lta
1131 2867 1158 2913 nt
1169 2863 1193 2913 in
1207 2863 1274 2914 omui

199 2941 373 2994 irritabilltstis
384 2942 463 3007 specie
473 2954 570 3004 magne
582 2939 652 3004 plane
663 2947 743 3004 partes
756 2939 904 3005 perceptioni
917 2941 1019 2991 naturali
1034 2941 1167 2993 tribuendae
1189 2943 1246 2994 sint.
1260 2957 1275 2996 u

199 3025 279 3088 atquo
292 3022 388 3085 ibidem,
405 3029 432 3073 nt
449 3021 578 3072 clariorem
596 3021 669 3070 etiam
685 3032 755 3070 suam
773 3018 919 3070 senteutiam
935 3020 1032 3084 reddat,
1048 3021 1167 3073 terminos
1178 3035 1193 3073 u
1204 3029 1275 3074 natu·

200 3105 252 3157 rale
264 3122 278 3154 s
291 3111 316 3157 et
330 3120 345 3156 u
355 3103 458 3155 animale
472 3103 625 3166 »distinguit
643 3107 668 3150 et
680 3101 743 3151 inter
757 3114 782 3151 ae
793 3099 899 3152 confert.
917 3115 932 3152 ts
944 3101 993 3152 Sub
1010 3114 1069 3154 vaae
1085 3103 1202 3154 animale
1217 3103 1271 3155 dnae

199 3187 273 3238 series
285 3187 407 3238 aetianam
419 3173 656 3249 comprehenduntur
670 3193 676 3232 :
691 3181 717 3232 1ο
731 3181 776 3231 Est
784 3189 870 3233 tensus
882 3189 1004 3246 externus,
1015 3184 1135 3249 appetitus
1145 3185 1274 3236 sensitirus

198 3274 325 3332 externus,
337 3273 416 3318 motus
429 3265 460 3316 ab
472 3278 501 3316 eo
515 3264 661 3326 concitatus;
680 3261 709 3312 2⁰
729 3263 818 3315 Sensus
835 3263 944 3314 internus
960 3269 984 3314 et
1001 3265 1137 3329 phantasia,
1152 3265 1273 3330 appetitus

198 3346 315 3409 internus,
329 3352 408 3399 motus
420 3344 574 3397 arbitrarius.
589 3344 715 3408 Perceptio
728 3340 845 3394 naturalis
855 3343 986 3408 opponitur
996 3344 1076 3395 sensui
1090 3349 1201 3404 externo,
1211 3349 1239 3394 nt
1248 3349 1274 3394 et

198 3427 295 3480 interna
304 3433 377 3492 atque
387 3425 537 3492 phantasiae3
550 3425 670 3491 appetitus
681 3423 798 3474 naturalis
808 3437 903 3489 quoque
913 3424 1028 3490 appetitui
1044 3425 1157 3476 sensitiva
1171 3431 1272 3476 exteram

198 3514 222 3559 et
232 3507 330 3560 animali
343 3507 544 3569 interamnates
557 3505 660 3570 denique
671 3502 794 3564 naturalis,
809 3503 907 3555 animali
919 3510 1019 3557 externo
1031 3509 1057 3556 et
1066 3504 1164 3556 animali
1175 3504 1272 3555 abintus

197 3589 325 3654 imperato.
334 3587 565 3639 Aedoanimalisest
573 3584 611 3636 sel
624 3584 771 3646 necessaria,
783 3584 821 3635 vel
831 3584 915 3648 judicii
927 3585 1058 3651 particeps,
1069 3584 1107 3637 rel
1120 3585 1268 3636 arbitraris:

198 3671 260 3721 sotio
272 3669 391 3720 naturalis
401 3668 549 3720 necessaria.
561 3681 576 3718 u
587 3667 613 3716 Ρ.
629 3665 684 3717 tat.
697 3664 732 3716 lie
743 3665 825 3716 Ventr.
841 3672 866 3715 et
876 3663 963 3717 intest.

228 3750 241 3786 ²
259 3750 355 3815 Weber,
368 3764 409 3814 op.
422 3750 474 3811 cit,
487 3754 613 3814 postquam
626 3761 685 3812 quos
697 3747 767 3798 modo
780 3746 875 3798 laudavi
896 3747 971 3810 locos,
985 3748 1082 3799 eosdem
1093 3747 1202 3799 breviter
1213 3762 1269 3799 con·

196 3832 280 3892 traxit,
292 3830 406 3882 Glissonii
417 3829 503 3894 placita
517 3841 651 3879 memorare
661 3829 693 3879 ita
703 3827 799 3892 pergit:
813 3841 828 3878 u
840 3827 923 3892 Neque
933 3834 1013 3879 tamen
1028 3829 1091 3879 iutra
1106 3829 1269 3880 musculorum

195 3917 298 3976 systema
311 3909 445 3962 naturalem
458 3909 521 3960 banc
532 3909 719 3975 perceptionem,
733 3909 842 3972 adeoque
856 3907 1053 3971 irritabilitatem,
1066 3911 1206 3972 subsistere,
1228 3913 1270 3961 sed

197 3991 336 4056 longissime
349 3996 442 4056 patere,
455 3991 488 4041 ita
508 3995 534 4040 ut
552 4003 607 4040 oasa
619 3994 644 4039 et
658 3989 760 4053 denique
778 3989 847 4054 ipsas
858 4003 942 4042 saccos
958 3991 1066 4055 corporis
1078 3991 1174 4042 humani
1190 3992 1272 4043 irrita-

196 4069 258 4122 bdes
277 4071 357 4122 iaciat.
375 4071 472 4122 Gradus
487 4071 558 4121 etiam
577 4069 699 4121 iacultntia
716 4070 787 4135 hujus
804 4070 936 4134 constitnit,
953 4072 1173 4130 etirritabiliiatem
1186 4072 1269 4124 mode·

196 4159 284 4215 ratam,
306 4152 378 4204 nimis
398 4153 492 4204 tardam
510 4158 535 4203 et
554 4153 626 4203 nimia
645 4157 739 4203 acnmm
753 4153 839 4219 habet3
851 4153 912 4205 bana
924 4155 1090 4218 irrequietam
1104 4156 1272 4221 cognominat,

197 4234 261 4300 qnod
271 4233 385 4284 dbrasad
396 4234 586 4299 inquietudinem
597 4233 716 4300 disponat,
730 4233 781 4284 site
800 4235 968 4299 praeteritam,
984 4236 1047 4301 quod
1061 4237 1128 4300 quasi
1141 4237 1232 4288 ambiat
1245 4243 1270 4286 et

197 4314 547 4380 aucupeturmorendisnsam
550 4348 599 4365 .....
616 4329 631 4363 u

270 4415 352 4471 nsunt
370 4431 482 4494 mutos.
1108 4417 1126 4474 2
