3196 5228
680 615 837 674 -5·1..

227 747 323 819 vocis
339 769 409 817 non
426 746 537 815 solum
552 739 745 836 subjectum
766 743 861 814 istud
881 742 1007 830 stabile
1024 741 1117 840 quod
1140 741 1176 813 in
1200 765 1280 812 omn

223 859 416 933 mutatione
429 864 620 954 permanet,
637 880 758 928 verum
773 841 878 927 etiam
893 855 1003 950 ipsam
1015 855 1286 927 mutabilitatem

221 975 407 1072 variosque
422 979 621 1067 apparatus
633 993 751 1042 omnes
766 969 932 1041 nimirum
944 969 1185 1068 dispositiones
1201 993 1286 1065 quas

223 1089 318 1162 subit
337 1087 495 1177 materia,
513 1087 706 1183 quibusque
721 1084 913 1157 innumeris
934 1108 1039 1180 prope
1055 1085 1202 1158 diversis
1214 1086 1285 1157 for·

223 1204 290 1276 mis
314 1203 605 1290 accommodatur,
630 1201 700 1274 imo
723 1208 760 1272 et
778 1200 891 1294 ipsum
909 1207 1040 1274 statum
1055 1197 1208 1292 ejusdem
1221 1204 1286 1274 sub
1342 1183 1347 1198 ’

223 1317 300 1390 istis
331 1317 490 1388 omnibus
519 1314 812 1409 complectitur.»
852 1315 982 1387 Verum
1011 1315 1183 1387 dividitur
1211 1315 1287 1388 haec

220 1417 368 1504 materia
381 1439 456 1502 tota
468 1431 505 1501 in
517 1436 588 1504 tres
597 1429 838 1524 inadaequatos
847 1431 1092 1525 conceptuum
1103 1430 1285 1502 materiam

221 1547 381 1644 primam,
403 1545 603 1632 secundam,
624 1544 808 1616 formatam
830 1547 893 1617 ¹.»
915 1586 950 1598 -
971 1544 1149 1635 v11,4,5.

269 1659 457 1732 «Materia
484 1660 596 1754 prima
629 1683 706 1732 eam
724 1659 911 1751 significat,
942 1682 1010 1754 qua
1033 1668 1235 1755 perpetuam
1251 1668 1287 1733 et

219 1775 486 1863 immutabilem,
511 1796 676 1846 unacum
693 1773 851 1846 omnibus
866 1773 1042 1869 perpetuis
1063 1774 1284 1847 constitutio-

218 1887 322 1960 nibus
337 1886 429 1958 adse
444 1886 738 1982 spectantibus...
756 1889 812 1958 Ad
826 1889 920 1960 hunc
934 1889 1197 1983 inadaequatum
1211 1914 1286 1962 ma-

217 2001 320 2072 teriae
339 2007 544 2096 conceptum
558 2009 717 2095 spectant
733 2025 773 2073 ea
788 2002 905 2074 omnia
924 2027 1003 2096 quae
1017 2011 1154 2076 naturae
1175 2012 1286 2078 mate-

221 2117 285 2189 riae
300 2115 492 2188 neoessario
504 2114 636 2188 insunt.
651 2115 872 2189 Revooantur
882 2124 998 2190 autem
1009 2120 1054 2189 ad
1070 2143 1132 2192 sex
1146 2120 1283 2214 capita:

225 2234 254 2302 l.
284 2229 342 2299 Ad
369 2227 612 2319 existentiam3
642 2231 676 2302 2.
705 2231 761 2301 Ad
788 2231 1050 2304 subsistentiam
1076 2233 1284 2305 fundamen-

216 2344 347 2434 talem;
366 2344 399 2416 3.
414 2344 470 2416 Ad
483 2352 644 2416 naturam
659 2346 904 2437 energeticam
918 2337 1061 2441 ejusque
1073 2356 1143 2420 tres
1157 2347 1286 2442 primas

217 2457 416 2548 facultates,
427 2459 675 2553 perceptivam‚
688 2460 916 2554 appetitivam
932 2467 967 2532 et
982 2460 1148 2533 motivam
1157 2485 1168 2551 3
1180 2465 1214 2532 4.
1229 2462 1286 2532 Ad

216 2571 410 2668 potentiam
435 2572 647 2667 receptivam
666 2573 855 2648 formarum
866 2599 876 2664 3
893 2576 926 2647 5.
956 2576 1013 2648 Ad
1029 2576 1155 2648 molem
1178 2584 1285 2648 mate-

216 2687 279 2758 riae
287 2708 298 2776 3
315 2684 348 2758 6.
359 2686 418 2757 Ad
431 2684 506 2780 ejus
515 2687 686 2760 rationem
695 2691 830 2762 essendi
846 2693 1039 2782 subjectum
1052 2691 1283 2764 accidentium

216 2800 464 2890 materialium,
485 2825 609 2896 nempe
623 2801 771 2895 alicujus
790 2805 1015 2896 extensionis,
1033 2813 1073 2877 ut
1088 2813 1123 2878 et
1137 2807 1285 2899 alicujus

218 2915 462 2990 continuitatis
476 2924 513 2988 et
525 2916 790 2989 divisibilitatis.
808 2918 918 3008 1›Vll,
937 2918 970 2992 6.

260 3030 312 3103 De
323 3031 480 3104 materiae
491 3032 614 3125 primae
623 3039 698 3104 tum
709 3033 896 3105 existentia
906 3042 980 3106 tum
991 3037 1217 3109 subsistentia
1227 3037 1284 3110 hic

215 3168 338 3240 parum
352 3145 494 3217 solliciti
507 3169 640 3232 sumus3
659 3147 701 3218 de
716 3155 841 3219 natura
856 3146 1009 3239 ejusdem
1025 3151 1223 3244 energetica
1233 3152 1284 3225 sic

214 3267 353 3332 noster:
369 3266 526 3331 «Natura
543 3262 699 3332 materiae
710 3263 926 3333 considerata
936 3273 1108 3358 quatenus
1124 3273 1177 3336 est
1190 3269 1284 3360 prin·

214 3375 342 3468 cipium
350 3377 795 3470 energetioum,utcumque
805 3378 1004 3450 claudicans
1012 3387 1047 3450 et
1055 3379 1281 3469 defectivum,

213 3497 285 3560 tres
296 3487 415 3561 fundit
427 3487 627 3578 facultates,
644 3490 704 3561 sed
714 3490 875 3562 similiter
886 3491 1106 3586 imperfectas
1117 3499 1281 3586 percepti-

213 3625 302 3687 oum,
310 3606 526 3694 appetitivum
536 3609 736 3675 etmotioom
745 3607 770 3675 ².
779 3603 879 3690 Quod
887 3605 1033 3678 materia
1041 3607 1103 3678 has
1112 3607 1149 3678 in
1161 3631 1223 3679 sua
1232 3632 1281 3679 ra·

212 3719 309 3788 tione
321 3717 512 3806 contineat,
527 3740 571 3789 ex
588 3740 628 3789 eo
639 3717 764 3812 liquet,
780 3717 872 3814 qubd
889 3720 936 3790 sit
949 3743 1010 3792 ens
1025 3729 1117 3806 actu,
1131 3730 1282 3816 actuque

210 3855 273 3926 per
284 3855 320 3904 se
329 3831 606 3913 subsistens‚nac
616 3831 664 3903 sit
672 3832 988 3926 perinhaerentiam
997 3836 1037 3906 in
1047 3835 1282 3922 alio...·Quane

212 3953 266 4016 est
277 3931 450 4036 objectiva
463 3945 553 4016 ratio
568 3945 642 4017 sive
651 3944 729 4018 idea
742 3947 797 4018 sui
810 3948 933 4040 ipsius.
950 3949 990 4018 ln
1007 3958 1177 4043 quantum
1189 3952 1282 4022 enim

214 4066 297 4130 actu
317 4067 352 4129 et
366 4059 516 4152 positive
543 4066 609 4148 est,
624 4069 679 4132 est
705 4069 786 4132 actu
802 4071 838 4132 et
855 4062 1004 4155 positive
1022 4066 1279 4158 cognoscibilis.

244 4235 251 4265 ¹
272 4232 309 4282 Gt.
323 4231 406 4283 Laibu.
423 4233 458 4282 De
469 4234 528 4298 ipsa
541 4236 673 4295 notarat
691 4233 725 4283 la.
740 4235 810 4282 Ecba
826 4273 830 4291 ,
845 4249 867 4298 p.
882 4234 935 4298 158,
949 4233 994 4286 col.
1011 4235 1035 4285 2.

243 4309 255 4344 2
271 4312 308 4362 Cl.
323 4311 406 4362 Leibu.
421 4315 457 4364 Dc
467 4313 528 4378 ipsa
541 4321 649 4372 cutura,
662 4315 674 4377 ἓ
689 4313 725 4364 lu.
741 4315 814 4362 liuba
829 4328 870 4378 ,p.
885 4315 937 4377 158,
948 4315 994 4366 col.
1007 4316 1031 4368 2.
