3156 5232
676 1629 1060 1732 CONCLUSIO

381 2327 420 2399 In
440 2349 609 2398 summam
626 2325 781 2397 breviter
800 2325 1046 2396 contrahamus
1064 2323 1208 2418 quidex
1230 2323 1295 2394 hac
1318 2343 1400 2392 nos-

334 2449 391 2512 tra
405 2439 643 2534 exploratione
658 2438 888 2531 colligendum
901 2441 946 2510 sit
957 2462 998 2510 ac
1016 2437 1250 2510 retinendum.

374 2553 404 2624 Ι.
429 2552 643 2625 Leibnitium
658 2576 737 2624 cum
763 2554 838 2647 ipso
855 2551 1030 2625 Glissonio
1052 2551 1185 2645 aliquid
1202 2551 1400 2623 commercii

330 2667 505 2750 habuisse,
520 2668 587 2739 etsi
599 2667 743 2739 minime
758 2676 892 2739 certum
903 2673 968 2756 est,
978 2665 1082 2738 fidem
1091 2674 1287 2738 tamennon
1302 2688 1402 2738 exce·

332 2781 404 2870 dit3
423 2779 590 2853 Glissonii
618 2788 809 2854 Tractatum
832 2783 956 2854 saltem
970 2780 1095 2874 legisse
1117 2781 1192 2852 veri
1207 2779 1399 2870 simileest,

331 2899 471 2968 omnino
481 2895 708 2990 ignoravisse,
723 2898 783 2968 vix
799 2896 976 2968 credibile.

375 3010 421 3082 ll.
436 3010 587 3081 Interea
607 3033 687 3104 quae
711 3010 851 3104 utrique
873 3011 911 3081 in
933 3008 1170 3102 metaphysica
1180 3009 1399 3104 placuerunt,

332 3124 530 3195 communia
548 3133 631 3194 sunt
648 3125 829 3212 nonnulla,
857 3122 985 3196 similia
998 3124 1186 3217 permulta,
1211 3122 1271 3195 sed
1293 3131 1329 3194 et
1349 3124 1400 3194 di-

332 3237 530 3309 versissima
547 3238 719 3331 quaedam,
738 3244 843 3330 atque
858 3238 933 3309 haec
944 3236 1089 3308 maximi
1102 3237 1281 3309 momenti.

377 3350 465 3437 Quae
493 3351 689 3423 communia
714 3351 806 3424 inter
832 3374 869 3424 se
892 3352 1022 3424 habent
1040 3358 1102 3423 aut
1126 3350 1268 3440 similia,
1293 3373 1401 3446 quan·-

331 3488 436 3560 quam
457 3465 636 3536 vinculum
659 3465 930 3560 propinquitatis
953 3473 1072 3559 aperte
1096 3466 1298 3556 ostendunt,
1318 3466 1400 3539 inde

332 3589 449 3652 tamen
466 3579 626 3652 derivata
642 3603 716 3652 esse
733 3589 875 3673 queant,
888 3580 981 3674 quod
995 3580 1114 3652 eodem
1128 3603 1235 3675 prope
1246 3587 1401 3675 ternpore

331 3695 432 3766 umbo
446 3693 616 3784 vixerint,
638 3694 846 3788 eosdemque
869 3702 1027 3765 auctores
1049 3695 1209 3787 legerint.
1231 3693 1318 3780 Quae
1336 3719 1400 3766 au-

329 3816 403 3880 tem
421 3806 617 3897 dissimilia,
642 3814 718 3878 turn
742 3830 786 3879 ex
808 3807 931 3880 nativa
955 3807 1174 3900 ingeniorum
1198 3807 1402 3882 diversitate

331 3921 538 4016 profluxisse
553 3924 732 4008 videntur,
751 3929 829 3994 tum
846 3945 891 3994 ex
912 3944 965 4012 eo,
985 3923 1077 4016 quod
1097 3930 1133 4026 et
1146 3922 1255 3995 variis
1276 3924 1403 4014 studiis
1499 4017 1504 4026 Ι

330 4033 489 4108 instituti
504 4034 588 4126 sint,
601 4044 637 4108 et
651 4034 760 4108 variis
774 4058 819 4108 ex
835 4034 1016 4131 principiis
1031 4037 1188 4131 profecti.

376 4281 631 4356 Similitudines
650 4284 706 4358 hes
722 4291 805 4356 sunt
817 4283 1024 4379 praecipuae:
