3196 5228
360 709 462 796 paeto
482 699 575 774 enim
602 701 711 796 possis
734 703 845 774 vitam
867 703 1077 795 modificare,
1098 705 1161 778 'ubi
1183 704 1281 777 nulla
1306 707 1387 778 est‘l
1411 732 1427 770 a

361 821 413 890 Ad
435 823 631 900 Lectoram‘§
647 815 680 888 8.

405 933 525 1026 Neque
541 939 594 1004 est
612 932 704 1024 quod
718 930 826 1022 dieas,
844 961 860 998 ι(
880 935 983 1006 hosce
1006 933 1125 1006 modos
1139 932 1187 1005 ,de
1210 957 1301 1006 novo
1316 933 1426 1004 vitam

360 1045 519 1120 materiae
535 1044 670 1117 afferre.
683 1041 706 1112 'a
725 1087 766 1102 -
787 1075 804 1114 «
819 1047 887 1132 Qui
907 1045 983 1120 fieri
999 1054 1126 1141 potest,
1146 1071 1225 1120 oum
1240 1047 1330 1120 nihil
1345 1047 1382 1119 in
1392 1071 1430 1120 se

358 1161 511 1234 habeant
534 1158 812 1252 quodemateria
829 1183 899 1232 non
913 1160 1010 1255 prius
1025 1160 1208 1232 dimanat?
1223 1190 1240 1226 a
1263 1191 1276 1225 a
1294 1161 1429 1233 Revera

359 1274 436 1346 vita
452 1271 613 1368 quaedam
635 1272 763 1345 animae
779 1274 951 1346 materiali
972 1274 1128 1368 proxime
1140 1273 1290 1345 inhaeret
1297 1297 1307 1363 3
1331 1301 1348 1340 a
1368 1273 1428 1346 sed

357 1411 466 1484 quum
497 1409 538 1460 ea
575 1386 692 1459 anima
723 1389 869 1480 (seilicet
903 1389 1096 1480 brutorum)
1130 1389 1327 1460 substantia
1356 1411 1427 1460 non

356 1503 416 1584 sit,
435 1530 451 1570 a
461 1525 525 1574 neo
536 1501 759 1576 estultimum
768 1501 963 1594 subjeetum
973 1501 1127 1595 cujusvis
1141 1502 1239 1592 vitae,
1251 1530 1268 1568 »
1280 1502 1427 1596 ideoque

356 1617 433 1689 vita
458 1639 537 1711 quae
557 1615 625 1711 ipsi
644 1616 855 1689 adscribitur
875 1645 892 1685 o
906 1616 940 1688 ei
955 1615 1148 1688 necessario
1174 1618 1218 1689 ab
1238 1615 1306 1687 alio
1322 1616 1426 1708 (quod

355 1739 410 1805 est
425 1731 578 1803 radicale
594 1729 668 1824 ejus
684 1730 900 1822 subjeetum)
917 1731 1203 1802 communicatur.
1223 1759 1238 1796 a
1263 1772 1299 1782 -
1318 1759 1334 1795 u
1351 1729 1428 1800 Hoe

354 1843 509 1918 nonvita
520 1843 725 1916 mutuatitiai
735 1843 877 1931 fruitur,
896 1845 956 1916 sed
973 1843 1084 1937 seipso
1105 1843 1209 1915 vivit.
1226 1872 1242 1910 »
1258 1843 1299 1914 ld
1309 1849 1426 1914 autern

352 1959 505 2031 radicale
528 1957 614 2030 vitae
635 1957 827 2030 materialis
854 1955 1049 2048 subjeetum
1081 1957 1165 2052 quid
1198 1957 1295 2028 aliud
1323 1979 1427 2050 quam

353 2071 431 2167 ipse
462 2072 609 2144 materia
637 2073 717 2146 est?
748 2073 929 2144 «Materia
946 2095 1065 2144 omnes
1082 2071 1223 2160 formas,
1250 2080 1287 2144 et
1304 2095 1425 2142 eonse-

353 2193 502 2281 quanter
531 2209 650 2259 omnes
675 2187 947 2281 quoquomodos
969 2185 1055 2256 vitae
1079 2185 1271 2257 materialis
1297 2185 1334 2255 in
1363 2209 1425 2256 sua

350 2308 525 2396 potestate
548 2301 716 2374 eontinet.
738 2300 829 2394 Ipsae
858 2301 986 2371 animae
1010 2299 1209 2371 materiales
1230 2307 1313 2371 sunt
1331 2297 1425 2370 modi

352 2415 523 2506 materiae,
540 2414 685 2509 ejusque
710 2413 823 2484 vitam
839 2415 1043 2507 primaevam
1063 2413 1160 2485 varie
1179 2412 1423 2486 modificant...

351 2531 442 2604 Nam
455 2529 532 2602 vita
556 2529 660 2602 aliter
675 2529 713 2601 in
732 2531 875 2622 plantis,
903 2530 1006 2600 aliter
1027 2528 1064 2598 in
1082 2527 1291 2600 animalibus
1314 2526 1425 2600 modi·

350 2643 519 2716 fieatur...
547 2652 583 2716 et
604 2644 692 2715 mira
725 2643 995 2737 organisationis
1022 2642 1225 2714 diversitate
1254 2642 1423 2714 variatur.

351 2759 533 2846 Attamen,
566 2756 635 2828 nisi
675 2755 856 2850 originalis
890 2755 966 2826 vita
990 2757 1148 2827 materiae
1178 2757 1233 2826 his
1265 2756 1426 2828 omnibus

350 2869 670 2941 modificationibus
691 2871 868 2940 substrata
893 2868 995 2957 foret,
1026 2869 1114 2939 nihil
1139 2869 1324 2964 quiequam
1341 2869 1426 2940 vitae

351 2983 528 3057 afferrent.
547 3014 565 3050 a
582 3027 624 3037 -
642 2987 693 3054 Aa
708 2989 903 3066 Laetoreml
921 2983 954 3055 9.

400 3128 416 3170 u
438 3102 558 3190 Porro,
571 3123 626 3172 res
636 3098 777 3190 majoris
787 3106 841 3169 est
851 3097 1191 3190 momenti‚primum
1201 3097 1285 3170 vitae
1294 3097 1423 3190 prinei·

350 3215 447 3308 pium
461 3214 624 3309 euiqnam
638 3211 822 3306 impertiri.
838 3211 901 3282 Est
915 3211 1008 3282 enim
1022 3211 1199 3283 internum
1214 3211 1433 3306 principium-

350 3328 578 3423 percipiendi,
595 3323 796 3422 appetendi,
817 3332 922 3418 atque
942 3346 979 3396 se
1003 3324 1178 3413 movendi,
1205 3324 1238 3396 ei
1261 3325 1382 3398 indere
1395 3330 1419 3398 ¹.

351 3441 458 3535 Cujus
482 3442 746 3538 productionem
772 3438 870 3510 nulla
898 3439 952 3510 vis
980 3446 1136 3526 externa,
1167 3440 1285 3512 nullus
1308 3448 1423 3514 motus

350 3564 413 3629 aut
442 3557 553 3651 quies,
584 3555 682 3626 nulla
707 3560 861 3638 textura,
892 3551 1166 3640 schematismus,
1195 3553 1421 3646 orgarrizatio,

349 3671 538 3765 proportio,
557 3692 714 3741 nexusve
729 3667 893 3761 partium,
918 3666 1090 3758 attingere
1109 3677 1229 3760 queat.
1255 3669 1324 3739 Soli
1348 3669 1420 3740 Deo

349 3785 527 3880 proprium
543 3791 596 3856 est
610 3771 778 3855 ereaturis
793 3780 864 3850 suis
883 3782 918 3849 in
943 3789 1024 3850 autu
1039 3779 1179 3850 creandi
1194 3780 1287 3852 idom
1301 3781 1421 3853 infun-

350 3902 444 3971 dere.
464 3899 629 3970 »Sensus
651 3896 791 3990 quidem
813 3894 1017 3964 animalium
1033 3895 1076 3964 ab
1100 3917 1218 3965 eorum
1243 3898 1420 3988 organiza-

382 4087 389 4120 ¹
408 4085 448 4136 Gi.
460 4085 546 4137 Leibn.
559 4085 662 4136 Goasid.
674 4098 720 4134 sur
732 4082 888 4146 tapsitanos
900 4080 947 4130 oie.
963 4094 976 4130 u
988 4079 1104 4144 l'admets
1115 4059 1293 4132 elleetivemnm
1309 4083 1341 4132 las
1355 4083 1422 4146 prin-

348 4167 415 4230 sipes
424 4167 454 4217 tle
465 4166 504 4217 rie
516 4166 635 4230 repandus
648 4165 708 4214 dans
719 4170 785 4214 touta
799 4162 819 4210 la
834 4169 919 4211 nature
932 4169 956 4210 nt
966 4161 1117 4210 immortels..
1133 4199 1138 4220 ,
1154 4161 1182 4210 ils
1195 4169 1236 4212 ont
1248 4165 1385 4228 perception
1397 4174 1420 4214 rt

346 4246 449 4312 appetit.
460 4261 474 4299 o
484 4246 579 4310 Erum,
595 4259 618 4310 p.
634 4246 688 4310 lae,
702 4245 748 4298 ool.
764 4244 785 4294 1.
