3156 5232
632 1757 733 1830 CAP.
758 1759 819 1830 IV.

533 2100 677 2152 Tractatus
702 2098 847 2163 exponitur
859 2098 912 2164 (ll).

377 2309 409 2356 De
419 2311 499 2354 nature
507 2307 637 2364 energstiea.
648 2327 676 2339 -
687 2305 736 2352 Vita
746 2310 831 2351 natura
841 2307 946 2364 probatur
956 2320 971 2352 a
980 2307 1074 2361 priore.

239 2615 316 2687 Jam
333 2613 474 2683 tandem
496 2611 533 2682 in
551 2631 591 2683 eo
617 2616 670 2681 est
692 2606 899 2698 Glissonius,
918 2615 959 2680 ut
978 2616 1138 2680 naturam
1162 2609 1261 2681 subs-

195 2729 319 2800 tantiae
342 2725 572 2819 energeticam
595 2725 771 2818 exploret3
792 2747 895 2818 quam
918 2724 1047 2796 iterum
1071 2729 1177 2816 atque
1193 2723 1261 2794 ite-

195 2867 272 2915 rum
288 2847 456 2913 memorat
480 2839 568 2911 nihil
588 2838 683 2911 aliud
704 2861 779 2911 esse
800 2839 868 2910 nisi
891 2841 1039 2910 alterum
1059 2838 1262 2932 inadaequa·

196 2965 269 3028 tum
288 2955 495 3027 substantiae
513 2962 730 3056 conceptum,
755 2955 866 3048 ipsam
888 2976 1013 3046 nempe
1030 2953 1262 3026 substantiam

200 3099 216 3134 «
232 3069 270 3140 in
294 3068 414 3141 ordine
437 3071 481 3140 ad
502 3069 749 3162 operationes»
775 3069 1041 3141 consideratam.
1068 3099 1084 3134 «
1104 3068 1155 3138 Ea
1170 3068 1264 3139 enim

198 3191 251 3256 est
275 3184 474 3256 intellectus
495 3180 605 3253 nostri
628 3181 825 3272 infirmitas,
850 3189 891 3254 ut
915 3205 984 3254 non
1006 3203 1188 3276 possumus
1208 3202 1264 3251 res

198 3299 352 3392 integras
367 3297 551 3391 adaequate
564 3303 600 3368 et
614 3296 779 3369 distincte
801 3297 905 3368 simul
921 3297 1223 3390 comprehendere.
1242 3321 1258 3359 a

198 3413 331 3484 Natura
342 3411 450 3505 igitur
465 3411 703 3483 substantialis
718 3411 948 3504 distinguitur
962 3411 999 3483 in
1017 3411 1262 3483 fundamenta-

199 3527 266 3598 lem
276 3532 313 3597 et
326 3524 556 3619 energeticam
581 3547 588 3596 :
613 3528 766 3597 membra
788 3548 869 3597 vero
895 3525 1091 3596 dividentia
1111 3523 1148 3596 in
1167 3527 1264 3597 subs·

200 3642 313 3712 tantia
327 3640 364 3710 in
378 3660 504 3732 genere
520 3661 632 3732 neque
646 3638 799 3729 realiter,
821 3662 933 3734 neque
950 3661 994 3712 ex
1009 3647 1109 3734 parte
1125 3639 1189 3730 rei,
1203 3636 1265 3711 'sed

200 3763 338 3826 tantum
360 3753 496 3825 ratione
517 3775 594 3824 cum
615 3753 896 3826 fundamentum
914 3777 963 3843 re,
988 3753 1166 3828 differunt.
1185 3755 1266 3828 Ete·
1347 3759 1353 3773 '

202 3867 274 3939 nim
299 3868 496 3940 substantia
513 3867 551 3938 in
573 3889 739 3960 genere...
767 3867 913 3960 simplex
937 3873 1002 3958 est,
1027 3868 1093 3941 hoc
1116 3875 1169 3942 est
1196 3893 1264 3940 non

202 3981 419 4075 componitur
433 4005 477 4054 ex
491 3981 647 4075 partibus
662 3983 735 4080 sive
750 3981 891 4052 realiter
911 3982 984 4054 sive
1006 4005 1049 4054 ex
1073 3989 1199 4054 natura
1214 3982 1266 4054 rei
1321 4015 1324 4022 ·

203 4097 390 4168 distinctis.
406 4095 483 4166 Hoc
501 4094 760 4166 evidentissime
779 4095 966 4167 innotescit
983 4119 1027 4168 ex
1049 4097 1185 4169 naturis
1199 4097 1267 4191 spi·

203 4211 345 4292 rituum,
372 4217 414 4282 ut
442 4211 668 4301 Angelorum,
697 4232 777 4303 quae
806 4217 942 4282 naturae
970 4211 1144 4304 simplices
1170 4218 1265 4300 sunt,

204 4346 316 4424 neque
333 4323 439 4396 ullam
455 4321 738 4415 compositionem
754 4331 970 4416 praeteream
983 4324 1128 4396 rationis
1141 4322 1267 4394 admit·
