3196 5228
783 573 943 638 ..32-

328 700 472 799 jamque
488 735 504 774 o
520 704 658 800 plantas
675 715 711 779 et
724 707 903 801 animalia,
921 707 959 779 in
977 706 1104 801 quibus
1119 704 1194 776 vita
1213 701 1404 794 materialis

334 818 553 912 potissimum
583 821 727 907 reluoet,
759 820 844 916 quin
870 829 918 912 et,
949 818 1132 893 affinitatis
1156 815 1282 912 gratia,
1310 816 1403 910 ipsos

336 933 491 1028 spiritus,
507 935 672 1028 Angelos,
699 937 886 1026 daemones,
909 935 1074 1007 Animam
1088 932 1307 1021 rationalem,
1320 931 1404 1003 huie

336 1047 620 1142 contemplationi
640 1048 792 1140 subjieit.
810 1079 826 1116 >a

380 1164 413 1233 A
440 1163 544 1232 «vita
567 1163 785 1255 spirituum»
812 1163 1030 1258 potissimum
1057 1162 1249 1249 exorditur,
1267 1162 1403 1233 Aristo·

336 1277 417 1348 telis
434 1284 608 1373 praecepta
623 1285 774 1366 secutus,
793 1279 852 1373 qui
868 1302 888 1350 a
902 1277 1154 1373 perfectissima
1165 1299 1301 1371 quaque
1315 1298 1352 1347 re
1367 1276 1403 1346 in

336 1391 492 1485 quolibet
508 1414 635 1484 genere
654 1391 888 1486 incipiendam
905 1415 979 1465 esse
994 1390 1274 1486 disquisitionem
1289 1388 1401 1462 dooet.

250 1513 254 1520 '
341 1503 490 1577 «Facile
505 1505 725 1599 deprehendo
748 1507 858 1577 vitam
885 1506 1072 1600 spirituum
1097 1528 1171 1578 esse
1192 1503 1405 1578 substantia-

335 1618 416 1708 lem,
434 1641 559 1712 nempe
569 1641 644 1691 esse
658 1619 769 1714 ipsam
783 1619 1016 1692 substantiam
1030 1618 1187 1712 spiritus,
1204 1617 1402 1689 considera-

334 1738 408 1805 tam
440 1732 477 1804 in
505 1732 627 1805 ordine
660 1734 704 1804 ad
731 1732 961 1827 operationes.
990 1732 1196 1826 Quanquam
1225 1732 1302 1803 haee
1330 1731 1405 1802 vita

335 1843 466 1916 Divini
493 1845 651 1939 potentio
679 1846 794 1941 quoad
819 1846 1036 1940 operationes
1063 1845 1228 1940 suspendi
1258 1851 1400 1938 potest:

222 2001 225 2008 ·
335 1960 476 2052 penitus
490 1967 609 2034 tamen
625 1961 836 2052 submoveri,
853 1961 904 2034 ita
917 1969 959 2033 ut
980 1961 1123 2057 spiritus
1147 1968 1287 2032 maneat
1308 1981 1401 2030 mor·

334 2080 430 2161 tuus,
448 2074 583 2169 nequit.
611 2075 700 2148 Nam
731 2075 761 2147 si
789 2075 932 2169 spiritus
960 2075 1035 2147 vitis
1048 2075 1219 2170 privetur,
1238 2074 1313 2167 ipsa
1327 2069 1403 2164 ejus

336 2190 533 2261 substantia
544 2211 616 2261 una
630 2188 858 2261 annihilatur.
877 2188 963 2275 Quis
977 2187 1071 2262 enim
1095 2189 1276 2284 ooneipere
1287 2194 1402 2283 potest

335 2303 509 2395 Angelum
523 2303 723 2374 mortuum?
738 2300 853 2388 Quare
863 2303 939 2373 vita
952 2302 1081 2396 Angeli
1095 2309 1149 2375 est
1162 2299 1238 2396 ipsa
1252 2301 1403 2373 essentia

335 2415 409 2507 ejus
421 2417 630 2510 energetiea.
650 2413 857 2511 Quanquam
869 2439 946 2506 nos,
962 2440 1023 2510 pro
1041 2416 1178 2489 modulo
1194 2415 1402 2487 intellectio·

335 2531 389 2602 nis
400 2537 541 2620 nostrae,
549 2529 800 2623 distinguimus
812 2531 919 2604 etiam
931 2531 969 2603 in
983 2531 1129 2625 Angelis
1136 2529 1398 2603 subsistantiam

334 2645 662 2717 fundamentalema
677 2645 805 2718 naturis
818 2645 1016 2740 energetiod
1030 2646 1089 2718 :in
1103 2669 1141 2718 re
1152 2651 1271 2716 tamen
1281 2643 1402 2716 eadem

334 2757 531 2833 substantia
560 2767 655 2849 sunt,
676 2766 815 2833 tantum
844 2759 1077 2833 diversimode
1107 2758 1338 2848 considerata,
1363 2757 1401 2830 in

334 2875 456 2947 ordine
470 2873 515 2945 ad
535 2898 610 2947 esse
631 2898 742 2968 perse,
758 2883 794 2948 et
810 2875 848 2947 in
865 2874 986 2947 ordine
1000 2874 1045 2946 ad
1059 2873 1288 2968 operationes.
1308 2871 1401 2958 Quo·

333 2990 426 3062 eirea
440 2989 515 3060 vita
531 2989 724 3082 spiritualis
746 2989 886 3063 videtur
910 2987 987 3085 ipsa
1011 2986 1208 3061 substantia
1232 2985 1283 3059 rei
1303 2982 1403 3077 eujus

333 3110 398 3176 ost.
420 3127 439 3172 n

384 3218 481 3288 «An
508 3238 590 3289 vero
623 3219 698 3288 vita
722 3214 913 3289 materialis
927 3215 974 3288 sit
1002 3215 1165 3290 similiter
1192 3215 1401 3305 substantio,

333 3329 489 3402 dubitari
502 3337 629 3426 potest.
645 3330 803 3403 Profecto
817 3337 858 3403 ut
873 3329 1070 3403 substantia
1083 3336 1138 3402 est
1150 3352 1261 3423 genus
1276 3328 1403 3401 univo-

333 3467 412 3516 oum
429 3446 438 3483 ¹
459 3453 618 3539 respectu
632 3444 775 3538 spiritis
790 3453 827 3518 et
844 3443 1016 3539 eorporis;
1039 3444 1090 3517 ita
1105 3445 1181 3517 vita
1196 3465 1333 3540 quoque
1346 3443 1400 3515 vi·'

334 3557 437 3629 detur
448 3580 558 3651 genus
568 3557 757 3630 univooum
764 3565 924 3652 respectu
937 3561 1023 3631 vitae
1032 3557 1223 3632 materialis
1233 3567 1270 3631 et
1280 3558 1404 3654 imma·

334 3671 525 3744 terialis....
543 3700 559 3739 a
579 3671 646 3746 Sed
670 3671 906 3766 «responderi
923 3679 1039 3768 potest
1057 3673 1167 3746 vitam
1186 3672 1403 3768 spiritualem

369 3886 376 3918 l
395 3901 408 3934 ι
429 3885 539 3936 Unioooe
551 3885 663 3937 dicuntur
674 3883 810 3950 praedleari,
827 3898 881 3950 qua
897 3898 944 3935 non
964 3885 1042 3936 solum
1056 3887 1202 3937 conveniunt
1218 3885 1256 3936 his
1271 3885 1301 3938 de
1319 3884 1405 3952 quibus

333 3965 496 4031 predicantur
508 3972 626 4032 quintum
640 3965 671 4018 od
685 3979 782 4026 nomen,
795 3965 837 4016 sed
849 3965 921 4016 etlam
932 3973 1048 4031 qnantum
1063 3965 1094 4018 ad
1105 3966 1225 4018 rationem
1236 3965 1402 4017 emendorum.

334 4047 366 4097 nt
375 4047 427 4099 dieo
441 4046 482 4097 hie
492 4048 611 4099 milonem
628 4046 685 4097 illud
706 4046 771 4113 qnod
790 4059 833 4111 per
845 4045 1005 4098 definitionem
1018 4046 1107 4098 dieitur
1117 4061 1160 4099 sen
1171 4046 1332 4114 significetur.
1345 4058 1360 4096 u
1373 4069 1404 4082 -

334 4130 476 4180 limeum
492 4126 711 4192 philosophorum.
729 4141 773 4177 rou
789 4128 966 4177 distinctiones
984 4134 1008 4178 et
1027 4129 1159 4180 ammoto
1179 4127 1365 4193 philosophico,
1386 4138 1404 4175 o

334 4209 441 4272 Georpio
459 4207 522 4260 Reeli
535 4210 564 4259 S.
584 4211 608 4259 J.
629 4209 775 4274 proposito.
788 4215 811 4258 et
825 4221 841 4256 a
854 4209 878 4257 J.
892 4208 924 4258 ll.
937 4207 1060 4258 Coronidi
1070 4208 1180 4272 ejusdem
1191 4207 1320 4259 societatis
1330 4218 1403 4256 reso·

333 4286 404 4350 anilo
413 4295 437 4340 ot
449 4300 530 4341 xxvur
541 4286 645 4340 scholiis
654 4293 741 4340 auom.
757 4286 837 4339 Editio
852 4299 923 4352 nora,
935 4287 1042 4351 Parisiis,
1057 4287 1127 4350 1875,
1138 4303 1161 4353 p.
1175 4287 1232 4340 152.
1248 4343 1251 4346 ,
