3156 5232
652 568 812 628 ..73-

201 717 307 790 quum
337 719 380 768 ex
412 694 516 766 dictis
551 693 636 768 satis
669 695 985 788 intelligaturque
1016 715 1120 764 sensu
1151 700 1267 765 noster

203 839 220 874 «
237 808 485 904 perceptivam,
501 808 729 904 appetitivam
745 815 781 880 et
797 807 964 880 motivam
982 836 999 874 a
1016 807 1191 901 potentias
1205 829 1267 880 seu

200 924 386 998 facultates
402 924 533 998 Biusiae
551 926 680 1021 primas
695 926 857 1020 appellet.

245 1037 315 1124 Qui
336 1047 453 1110 autern
470 1039 626 1111 strictam
647 1041 770 1110 harum
795 1039 1002 1112 facultatum
1028 1037 1267 1140 probationem

201 1153 416 1248 aggreditur,
434 1176 573 1226 necesse
587 1161 640 1226 est
655 1155 686 1226 is
703 1184 719 1220 ι(
737 1177 855 1226 earum
877 1152 1157 1242 convenientiam
1174 1174 1265 1242 cum,

202 1278 238 1343 et
254 1269 514 1342 distinctionem
533 1271 590 1359 ab,
608 1269 687 1341 aliis
707 1269 934 1341 facultatibus
954 1268 1124 1342 vitalibus
1144 1290 1268 1361 propo·

199 1392 274 1472 nat,
299 1413 315 1450 a
344 1382 611 1478 perceptionem,
636 1407 671 1454 v.
700 1407 749 1476 g„
774 1383 969 1479 naturalem
996 1385 1039 1454 ab
1065 1405 1106 1454 ea
1132 1404 1266 1472 sensus,
1367 1435 1368 1438 ,

200 1503 281 1569 ante
298 1497 415 1569 omnia
430 1495 657 1570 discriminet.
674 1495 773 1582 Quod
785 1494 946 1588 quianon
956 1495 1041 1567 fecit
1055 1495 1268 1568 clarissimus

199 1611 439 1704 Campanella,
465 1612 532 1683 etsi
553 1611 682 1683 dehac
705 1634 749 1696 re,
763 1610 940 1682 subtiliter
962 1617 1177 1681 commentus
1200 1619 1265 1701 est,

198 1731 240 1798 ab
257 1729 418 1802 omnibus
441 1751 565 1823 propre
586 1733 764 1824 neglectus
775 1727 880 1820 jacet.
902 1758 919 1795 «
938 1728 1024 1816 Quis
1042 1728 1135 1801 enim
1149 1729 1269 1802 credat

198 1842 346 1914 cadaver
370 1843 514 1936 perinde
538 1866 578 1914 ac
599 1844 773 1915 hominem
797 1842 918 1915 vivum
943 1842 1085 1934 sentire,
1102 1849 1165 1914 aut
1183 1843 1263 1914 dor-

197 1960 363 2032 mientem
380 1981 480 2054 aeque
494 1983 533 2031 ac
546 1959 751 2052 vigilantem
766 1958 924 2031 sensibus
937 1959 1019 2030 uti?
1032 1958 1188 2030 Membra
1202 1981 1262 2051 pa·

196 2073 344 2165 ralytlca
368 2097 471 2145 sensu
489 2073 671 2145 evidenter
692 2076 860 2146 orbantur
876 2095 884 2143 :
902 2073 932 2144 si
946 2096 1028 2166 ergo
1053 2095 1131 2146 cum
1155 2094 1263 2143 mem·
1323 2065 1328 2076 ’

193 2188 267 2262 bris
291 2188 438 2282 integris
461 2189 610 2282 oppositi
632 2188 752 2260 lateris
776 2195 1030 2282 comparentur,
1052 2209 1154 2258 nemo
1169 2209 1264 2258 sanae

197 2302 324 2373 mentis
345 2300 517 2374 sustinere
531 2308 646 2397 potest
664 2302 822 2396 utrisque
840 2301 1084 2373 sensibilitatis
1107 2299 1263 2373 denomi-

196 2417 374 2492 nationem
398 2443 442 2491 ex
468 2443 568 2514 aequo
592 2427 798 2515 competere.
825 2419 912 2505 Quis
941 2418 1033 2491 ferat
1057 2442 1180 2492 saxum
1203 2424 1266 2489 aut

196 2554 376 2606 scamnum
397 2535 527 2606 malleo
550 2556 750 2628 percussum
777 2532 895 2605 dolore
920 2532 1021 2624 affici,
1039 2533 1263 2626 quemadmo-

196 2646 290 2717 dum‘
303 2647 508 2719 animalium
530 2655 646 2742 partes
669 2648 876 2741 vapulantes
900 2646 1053 2719 dolorem
1080 2646 1264 2718 sentiunt?

196 2760 414 2856 Quapropter
428 2785 566 2834 necesse
580 2768 633 2834 est
647 2763 704 2834 vel
718 2760 975 2855 perceptionem
990 2760 1190 2856 corporibus
1204 2784 1265 2832 na-

195 2875 368 2947 turalibus
391 2877 531 2970 penitus
555 2876 759 2966 adimamus,
776 2875 833 2946 vel
857 2875 1012 2948 camdem
1029 2899 1050 2946 a
1067 2897 1170 2948 sensu
1190 2874 1261 2946 dis-

195 2982 646 3076 ingemescimus.)
1172 2965 1181 2990 ⁸

240 3125 258 3164 «
275 3098 410 3171 Vitales
418 3122 499 3193 ergo
509 3099 693 3172 facultates
700 3106 754 3171 ter
762 3099 862 3170 trinae
869 3104 952 3170 sunt
963 3121 971 3170 :
984 3097 1114 3190 triplex
1122 3103 1176 3169 est
1186 3120 1262 3190 per·

195 3211 343 3307 ceptiva,
351 3211 532 3302 naturalis,
541 3212 702 3285 animalis
713 3221 749 3284 et
758 3212 1007 3284 intellectualis
1012 3217 1069 3301 ;et
1080 3209 1262 3283 conformi-

193 3333 248 3399 ter
262 3327 390 3421 triplex
406 3327 612 3422 appetitiva,
630 3328 758 3421 triplex
772 3326 917 3399 motiva.
940 3324 1114 3398 Convenit
1128 3325 1172 3396 iis
1187 3347 1259 3395 om·
1278 3308 1280 3317 ¹

195 3441 298 3514 nibus
319 3441 412 3514 inter
426 3465 475 3530 se,
492 3441 584 3536 quod
597 3448 680 3513 sunt
693 3443 818 3513 vitales
830 3439 1029 3530 facultates,
1046 3439 1208 3533 quodque
1223 3438 1260 3508 in

192 3553 313 3626 Biusia
335 3555 459 3626 ultimo
485 3555 698 3626 radicantur.
722 3555 868 3648 Insuper
893 3551 1093 3647 perceptiva
1111 3551 1262 3623 sumitur

192 3668 401 3762 generaliter
426 3677 463 3741 et
486 3668 694 3763 specialiter.
721 3665 942 3741 Generaliter
960 3669 1060 3748 inse,
1078 3671 1119 3736 ut
1136 3687 1258 3759 genus,

193 3765 329 3854 omnem
352 3782 555 3855 facultatem
578 3781 850 3876 cognoscitivam
878 3780 1132 3873 complectitur,
1156 3785 1191 3850 et
1217 3778 1260 3849 de

192 3897 413 3992 perceptione
433 3899 598 3983 naturali,
616 3899 659 3970 de
677 3897 834 3993 quolibet
853 3918 969 3986 sensu,
989 3901 1030 3966 ut
1046 3901 1081 3966 et
1096 3896 1139 3965 de
1154 3892 1259 3964 intel·

223 4151 231 4186 l
251 4151 289 4201 Gl.
306 4153 392 4204 Leibn.
409 4155 491 4218 Epist.
510 4155 544 4204 ad
564 4157 693 4218 Wagner„
712 4153 753 4214 lll,
774 4153 868 4216 Eadm,
885 4168 908 4218 p.
923 4152 978 4204 lcs.
996 4167 1010 4204 u
1029 4153 1080 4203 Non
1093 4163 1188 4202 omnem
1200 4164 1259 4218 per·

193 4237 329 4298 ceptionem
344 4251 397 4287 esse
409 4238 554 4300 sensionem,
567 4239 607 4287 sed
621 4237 673 4287 dari
686 4237 862 4302 perceptionem
875 4236 948 4286 etiam
959 4234 1139 4287 insensibilium.
1151 4249 1165 4285 u
