3156 5232
603 659 783 720 -109-

163 781 290 877 speciei
304 781 495 856 formandae
510 784 698 878 propriam,
716 785 760 856 ad
773 782 927 875 ejusdem
946 783 1123 877 exemplar
1148 791 1230 856 tex·

31 883 33 948 5
163 904 279 968 turam
294 899 451 970 materiae
469 899 683 991 aggreditur,
698 907 735 971 et
750 898 944 992 specificam
959 897 1226 970 similitudinem

30 1063 32 1132 k
165 1009 214 1082 rei
227 1009 389 1099 intentae,
405 1009 474 1083 nisi
489 1011 711 1106 impediatur,
725 1009 932 1106 assequitur.
947 1040 964 1076 a
980 1011 1110 1101 XXIX,
1128 1011 1182 1083 13.

30 1191 31 1194 ,
207 1122 250 1194 In
267 1124 420 1196 secunda
433 1127 553 1217 classe,
571 1126 722 1221 primum
736 1149 773 1198 se
787 1124 888 1198 offert
900 1125 1126 1214 continuitas,
1150 1148 1229 1219 quae

30 1235 31 1272 ³
164 1243 253 1309 est«
280 1239 409 1312 entitas
430 1239 606 1334 positiva:
633 1267 651 1308 a
674 1262 872 1335 quanquam
894 1239 987 1312 enim
1008 1239 1229 1332 negationem
1270 1266 1272 1270 ·

164 1352 336 1443 includat,
379 1355 552 1426 neminem
600 1353 693 1446 fugit
737 1355 841 1426 istam
887 1353 1109 1446 negationem
1155 1374 1230 1426 esse

29 1493 30 1504 ¹
165 1465 385 1558 negationem
407 1467 645 1561 perfectivam.
665 1467 826 1540 «Unitas
845 1466 937 1539 enim
962 1467 998 1538 in
1022 1489 1147 1559 genere
1170 1488 1231 1560 per

29 1635 30 1638 ,
163 1577 269 1651 lectio
297 1586 352 1652 est
372 1585 409 1652 et
428 1581 501 1654 Deo
523 1580 702 1655 tribuitur.
728 1578 815 1654 Ciam
834 1582 945 1674 igitur
962 1581 1175 1652 continuitas
1191 1580 1230 1651 in

164 1714 200 1764 se
214 1694 433 1766 considerata
452 1694 499 1766 sit
521 1695 681 1790 quaedam
702 1695 833 1784 unitas,
860 1693 1053 1766 necessario
1077 1693 1231 1786 aliquam

163 1805 413 1899 perfectionem
425 1806 589 1880 involvit.
609 1808 742 1880 Salutio
765 1808 923 1880 continui
944 1813 998 1877 est
1019 1829 1145 1900 magna
1166 1806 1231 1876 im·

164 1919 342 2013 perfectio,
362 1943 511 1993 necnon
527 1921 600 1993 vim
619 1929 756 1993 naturae
768 1920 932 2010 infert...,
951 1926 992 1991 ut
1009 1942 1086 1992 eam
1103 1926 1232 1990 natura

164 2033 400 2107 exhorrescat.
424 2065 441 2101 a
459 2033 545 2120 Quis
557 2057 637 2128 ergo
653 2043 707 2108 est
719 2034 875 2108 formalis
886 2034 1029 2107 effectus
1053 2033 1230 2106 continui·

163 2148 275 2220 tatis?
305 2177 322 2214 a
349 2148 521 2220 Existimo
546 2152 639 2222 bunc
663 2148 823 2222 effectum
853 2171 927 2221 esse
952 2147 1230 2221 communionem

26 2281 27 2366 1
165 2261 351 2356 quamdam
371 2262 480 2335 totius
493 2269 530 2334 et
544 2262 707 2357 partium.
728 2249 872 2346 affl,
891 2263 924 2335 9.

208 2377 262 2449 De
273 2375 445 2448 divisione
455 2399 495 2448 ac
505 2376 748 2449 divisibilitate
759 2376 940 2469 cogitanti,
951 2377 1028 2448 haec
1038 2377 1231 2472 praesertim

26 2481 27 2484 '
165 2490 312 2586 quaestio
327 2491 499 2564 occurrit:
520 2520 538 2557 a
551 2514 596 2562 an
613 2498 782 2585 quantum
803 2490 851 2562 sit
864 2490 1041 2563 divisibile
1060 2491 1098 2563 in
1112 2490 1229 2562 infini-

164 2612 252 2678 tum.
273 2605 431 2677 »Nam«
450 2627 580 2695 omnes,
596 2612 669 2676 tam
691 2604 832 2698 Physici
857 2628 961 2699 quam
975 2605 1228 2695 Mathematici,

165 2742 225 2813 pro
241 2725 335 2792 certo
359 2719 490 2792 babent
503 2742 603 2792 omne
625 2725 795 2813 quantum
811 2726 969 2791 constare
994 2719 1227 2813 expertibus.

164 2832 201 2905 si
218 2832 311 2905 enim
325 2833 481 2905 extensio
505 2833 552 2906 sit
573 2833 647 2927 ipsa
668 2832 818 2905 essentia
842 2832 1063 2927 quantitatis,
1092 2855 1230 2906 necesse

165 2953 218 3020 est
240 2954 411 3043 quantum
439 2949 507 3042 qua
529 2954 698 3042 quantum
719 2947 767 3020 sit
791 2954 974 3019 extensum
980 2970 991 3038 3
1014 2955 1051 3019 et
1075 2970 1115 3020 eo
1137 2948 1230 3042 quod

165 3073 361 3150 extensum,
389 3064 517 3136 habeat
544 3071 660 3158 partes
686 3056 786 3136 extra
813 3070 969 3156 partes...
1001 3061 1089 3136 Cum
1112 3071 1230 3135 autem

166 3203 267 3253 omne
294 3203 417 3274 corpus
447 3180 493 3252 sit
522 3188 704 3274 quantum,
736 3187 932 3269 extensum,
963 3185 998 3251 et
1032 3178 1228 3264 dividuum,

165 3316 314 3388 cumque
331 3294 499 3388 quaelibet
511 3295 663 3389 corporis
677 3294 850 3388 particula
865 3298 918 3384 (ut
932 3315 1079 3387 cumque
1090 3294 1228 3386 exigua)

166 3411 209 3480 ab
222 3408 301 3480 aliis
317 3408 431 3480 divisa
446 3408 492 3480 sit
506 3431 640 3502 corpus,
656 3406 764 3479 fuerit
782 3407 895 3478 adhuc
908 3407 1057 3480 ulterius
1070 3407 1229 3494 dividua,

165 3527 201 3592 ct
213 3521 313 3593 sicin
332 3520 522 3592 infinitum.
540 3522 724 3615 Nunquam
741 3521 834 3592 enim
849 3519 960 3591 dividi
972 3526 1087 3614 potest
1098 3520 1135 3591 in
1149 3543 1230 3613 par-

165 3635 309 3706 ticulam
324 3634 410 3708 adeo
424 3636 599 3729 exiguam,
614 3657 693 3729 quae
704 3635 818 3706 divisa
826 3657 896 3706 non
906 3634 953 3706 sit
965 3657 1103 3728 corpus;
1118 3656 1231 3728 neque

166 3771 321 3841 unquam
344 3749 387 3820 ad
413 3757 544 3843 puncta
568 3753 654 3845 pure
676 3748 922 3821 mathematica
950 3748 1036 3820 reali
1058 3747 1231 3821 divisione

165 3861 349 3953 pervenire
366 3862 460 3934 licet.
478 3862 592 3948 Quare
605 3863 634 3933 si
654 3863 766 3932 omnis
790 3869 926 3932 atomus
950 3862 996 3932 sit
1018 3862 1132 3933 adhuc
1155 3884 1230 3934 cor-

165 3974 361 4068 pusculum,
378 3984 627 4071 quantumque,
647 3982 683 4046 et
696 3975 913 4066 continuum,
942 3984 1120 4070 utcunque
1138 3978 1230 4048 ulte-

165 4087 293 4160 riorem
320 4087 526 4162 divisionem
552 4097 704 4183 respuat,
733 4095 926 4162 esttamen
954 4091 996 4162 de
1021 4097 1147 4162 natura
1169 4112 1232 4162 sua

167 4203 305 4296 passive
322 4202 508 4276 divisibilis
514 4228 525 4294 3
542 4212 579 4275 et
589 4202 745 4274 infinitas
759 4204 917 4296 quaedam
930 4202 1036 4294 hujus
1049 4202 1232 4276 divisibili-

168 4315 251 4388 tatis
268 4317 361 4389 omni
383 4317 518 4411 corpori
544 4317 609 4389 hoc
638 4315 737 4388 modo
759 4318 966 4410 competit...
987 4316 1075 4389 Nam
1096 4323 1232 4389 atomus
