3196 5228
649 625 809 687 ..og-

196 765 332 846 nueret‚
350 757 437 830 scire
456 765 571 852 posset
589 757 682 830 unde
698 766 734 830 et
754 782 821 852 quo
841 766 996 851 tempore
1014 765 1186 831 tractatus
1202 761 1262 831 ille

195 873 345 943 inillam
364 871 617 945 Bibliothecam
631 873 792 944 invectus
805 881 911 958 esset3
931 897 975 942 an
994 873 1141 945 tandem
1157 882 1274 946 essent

196 986 444 1080 cujuscumque
474 987 611 1080 generis
636 1009 751 1058 causae
776 1010 838 1057 eur
860 985 1076 1058 Leibnitium
1099 987 1271 1076 erederet,

196 1110 258 1170 ant
285 1101 318 1170 in
346 1099 508 1169 manibus
528 1099 691 1169 habuisse
714 1098 750 1168 id
778 1121 875 1190 opuS,
893 1106 955 1168 aut
977 1121 1058 1168 non.
1084 1099 1271 1192 Acceptum

197 1214 318 1306 itaque
332 1212 515 1284 clarissimi
530 1211 592 1282 Ed.
610 1211 811 1282 Rodemann
822 1212 1003 1305 epistolam
1014 1221 1050 1284 et
1058 1213 1151 1284 infra
1161 1220 1273 1284 trans·

197 1328 332 1399 cribere
347 1328 521 1420 integram
543 1326 660 1396 visum
683 1333 736 1397 est
759 1329 782 1414 ¹,
801 1334 836 1396 et
849 1324 908 1396 hic
925 1327 1124 1397 summatim
1146 1325 1270 1398 refero.

244 1441 355 1512 Adest
385 1440 423 1510 in
455 1439 673 1511 Bibliotheca
701 1439 811 1530 Regia
839 1439 1074 1510 Hanoverana
1105 1438 1273 1512 Glissonii

202 1561 311 1626 Troct.
333 1559 371 1624 de
395 1559 474 1624 Not.
495 1557 597 1624 salsa
622 1575 730 1641 enerq.
742 1583 756 1636 ;
774 1551 833 1646 qui
857 1553 997 1646 quidem
1020 1553 1105 1624 illue
1119 1555 1271 1646 primum

199 1667 345 1740 devenit
358 1691 450 1738 anno
472 1674 711 1761 postmortem
735 1664 902 1736 Leibnitii
922 1666 1061 1737 circiter
1083 1668 1188 1737 tertio
1210 1668 1271 1738 de·

196 1783 299 1870 nimo,
317 1781 463 1872 <scilicet
491 1781 602 1870 1729),
628 1803 734 1873 quum
756 1788 913 1874 coempta
940 1782 1083 1853 abbatis¹
1099 1780 1271 1853 Gerhardi

195 1895 329 1966 Molani
354 1894 568 1966 bibliotheca
583 1894 693 1965 Looeo
717 1893 941 1964 Hanoverom
962 1894 1070 1964 allata
1085 1903 1211 1965 est.....
1229 1894 1269 1964 In

196 2009 336 2101 privata
350 2031 433 2079 vero
449 2006 616 2078 Leibnitii
627 2006 838 2078 bibliotheca
850 2008 1027 2080 exstitisse
1039 2008 1132 2079 idem
1145 2015 1271 2078 tracta-

195 2133 254 2192 tus
275 2145 343 2192 non
359 2121 513 2206 videtur,
540 2120 605 2190 nisi
631 2120 710 2213 quis
733 2119 822 2190 sorte
845 2129 958 2212 putet,
975 2122 1137 2210 ulterius,
1163 2143 1269 2216 quum

197 2238 266 2307 duo
289 2236 384 2306 illius
404 2234 487 2306 libri
503 2234 717 2327 exemplaria
738 2234 847 2326 Regia
870 2233 1088 2306 bibliotheca
1112 2235 1269 2321 haberet,

198 2349 460 2420 Leibnitianum
471 2348 649 2441 exemplar
660 2349 858 2419 submotum
874 2370 960 2435 esse,
978 2348 1180 2421 Molanense
1192 2371 1271 2421 con-

197 2471 374 2536 servatum
391 2486 399 2534 :
418 2461 510 2556 quod
526 2461 666 2556 quidem
682 2484 902 2554 nequaquam
920 2461 1109 2535 verisimile
1122 2470 1188 2536 est.

243 2578 357 2663 Quum
370 2600 454 2648 vero
471 2577 659 2648 Hanovera
674 2575 823 2646 Locoum
839 2599 909 2661 nou
931 2577 1040 2647 multo
1063 2577 1143 2670 plus
1164 2600 1269 2671 quam

197 2691 430 2784 quadraginta
465 2689 620 2760 millibus
650 2712 815 2782 passuum
837 2689 956 2776 distet,
984 2689 1269 2785 Leibnitiumque

197 2829 273 2874 cum
292 2806 417 2875 abbate
435 2801 540 2875 Gerh.
557 2803 696 2873 Molano
713 2803 870 2873 amicitia
880 2806 1042 2893 junctum
1062 2804 1170 2877 luisse
1183 2805 1269 2878 satis

196 2925 344 3004 constet,
358 2917 470 2986 multa
484 2915 578 2986 inter
593 2937 663 3003 eos,
680 2923 716 2986 et
732 2915 988 3008 philosophicas
1002 2917 1174 3011 imprimis
1196 2919 1267 2990 lec-

196 3031 323 3116 tiones,
346 3031 543 3102 eommunia
560 3030 667 3100 l'uisse
683 3031 853 3122 quomodo
870 3053 936 3100 non
954 3030 1119 3102 credam?
1135 3030 1266 3116 Quam·

196 3146 314 3215 obrem
326 3145 468 3238 propius
489 3150 543 3214 est
564 3142 681 3232 fidem,
709 3143 901 3233 Molanum,
926 3145 956 3215 si
978 3146 1079 3217 modo
1101 3143 1269 3218 Glissonii

196 3281 281 3352 opus
295 3267 377 3329 ante
394 3265 571 3328 mortuum
589 3257 802 3351 Leibnitium
815 3258 991 3340 habuerit,
1016 3259 1054 3330 id
1076 3261 1187 3332 amico
1205 3283 1267 3331 suo

196 3371 383 3464 legendum
408 3371 531 3443 saltem
554 3371 839 3444 commodavisse.
858 3373 933 3457 Quo
949 3373 1090 3467 quidem
1111 3381 1267 3468 tempore

194 3484 345 3578 primum
355 3485 392 3554 id
401 3485 576 3574 habuerit,
595 3485 796 3578 ignoratur;
817 3509 937 3557 verum
954 3487 1080 3581 siquid
1096 3487 1267 3580 conjicere

195 3601 277 3673 licet
298 3601 442 3694 Anglici
469 3601 595 3673 medici
625 3607 815 3682 Tractatum
841 3603 950 3674 multo
973 3603 1188 3697 probabilius
1213 3611 1267 3676 est

195 3723 344 3802 mature,
362 3716 532 3786 suadente
547 3715 736 3800 Leibnitio,
754 3739 858 3809 quam
875 3739 963 3806 sero,
988 3711 1167 3812 inscioque
1189 3719 1264 3808 illo,

195 3829 345 3902 Loccum
362 3831 565 3903 arcessitum
582 3853 667 3904 esse.

240 3944 275 4014 Si
293 3944 371 4037 quis
386 3943 497 4036 igitur
518 3942 733 4017 Glissonium
748 3948 890 4018 omnino
907 3948 1083 4020 Leibnitio
1106 3949 1265 4042 ignotum

193 4057 302 4129 fuisse
321 4080 431 4151 usque
458 4048 653 4148 contendit,
670 4060 759 4130 nihil
776 4059 849 4150 jam
874 4062 999 4156 reliqui
1023 4063 1150 4136 habere
1166 4063 1196 4136 is
1210 4064 1263 4135 vi-

194 4361 195 4364 *
228 4301 234 4329 l
253 4301 410 4364 Appendss.
