3156 5232
653 666 833 734 -lll-

207 794 346 868 Etenim
360 803 490 891 puncta
504 820 573 868 non
599 806 682 870 sunt
701 799 806 872 lineae
827 805 943 893 partes
967 799 1224 873 mathematicae
1246 805 1269 871 ¹.

207 909 284 981 Non
309 911 402 982 enim
426 910 618 983 admittunt
633 912 871 986 mathematici
895 913 1054 1006 componi
1079 913 1206 998 lineam
1229 937 1272 985 cx

207 1023 357 1115 punctis,
375 1023 436 1096 sed
457 1046 501 1096 ex
522 1024 624 1096 lineis
643 1025 836 1098 minoribus
860 1047 995 1118 semper
1020 1025 1270 1099 divisibilibus.
1301 1027 1306 1060 ⁴

206 1138 412 1230 Agnoscunt
427 1151 509 1210 vcr'o
524 1137 562 1208 in
574 1137 779 1211 brevissima
792 1147 892 1233 parte
904 1140 1008 1212 lineae
1031 1148 1161 1234 puncta
1187 1142 1272 1212 assi·

206 1251 360 1344 gnobilia
369 1275 478 1346 usque
489 1260 525 1324 et
534 1275 644 1346 usque
653 1253 728 1326 sine
739 1253 889 1325 termino
904 1254 1086 1326 contineri.
1099 1253 1274 1327 Videntur

207 1364 287 1461 ergo
302 1389 487 1458 agnoscere
501 1373 631 1460 puncta
645 1365 786 1438 infinita
795 1367 833 1437 in
847 1367 941 1439 linea
949 1390 960 1456 3
974 1367 1035 1439 sed
1044 1391 1097 1458 ea,
1110 1391 1187 1440 cum
1201 1393 1273 1441 non

206 1479 279 1550 sint
294 1487 437 1574 quanta,
455 1479 543 1570 nihil
558 1480 685 1552 addere
701 1480 894 1574 quantitati
905 1481 1021 1572 lineae,
1038 1504 1101 1554 neo
1119 1505 1194 1555 osse
1210 1507 1273 1556 cur

206 1594 288 1666 inde
301 1602 496 1667 metuamus
521 1616 566 1667 ne
586 1594 680 1666 linea
704 1603 866 1666 excurrat
885 1595 922 1666 in
947 1594 1136 1668 inlinitum.
1160 1599 1271 1692 Atqui

205 1710 388 1803 regentur,
404 1712 472 1782 duo
484 1718 614 1804 puncta
628 1712 664 1782 in
678 1712 772 1783 linea
783 1735 853 1783 nou
866 1734 940 1784 csse
952 1713 1130 1806 proxima.
1139 1714 1177 1786 Si
1187 1736 1268 1808 ergo

204 1824 331 1896 dentur
344 1826 382 1897 in
394 1823 487 1898 linea
500 1826 640 1897 infinita
657 1833 799 1919 puncta,
816 1826 945 1897 dantur
958 1819 1140 1920 particulae
1154 1827 1267 1898 infini-

203 1942 251 2006 tae
271 1935 314 2007 iis
331 1937 469 2030 punctis
483 1937 700 2032 interceptae.
719 1937 847 2029 Quare,
864 1947 1033 2033 quantum
1049 1939 1164 2028 video,
1180 1941 1268 2010 diffi-

203 2050 314 2121 cultas
326 2051 489 2142 recurrit,
503 2060 539 2124 et
551 2075 621 2124 non
643 2053 757 2124 minor
771 2060 823 2124 est
836 2055 873 2125 in
890 2054 1145 2126 mathematicis
1163 2077 1265 2148 quam

200 2163 364 2258 physicis.
381 2194 398 2230 a
412 2164 648 2238 Divisibilitas
662 2166 755 2238 enim
770 2165 908 2238 infinita
931 2168 1053 2260 utique
1068 2197 1086 2234 ι(
1103 2171 1266 2262 supponit

201 2300 383 2350 numerum
400 2281 503 2372 [actu]
523 2279 717 2370 infinitum,
730 2303 831 2374 quem
848 2303 912 2353 nec
926 2281 1104 2354 additione
1122 2305 1261 2375 augere,

200 2414 263 2464 nec
277 2394 514 2466 subtractione
526 2393 695 2483 minuere,
714 2395 807 2466 licet.
828 2391 915 2466 cum
933 2417 1018 2488 ergo
1030 2419 1194 2468 numerus
1208 2396 1263 2468 in·

199 2506 319 2580 finitus
331 2509 378 2580 sit
385 2508 625 2603 impossibilis,
641 2509 854 2601 impossibile
868 2529 1005 2603 quoque
1019 2516 1072 2580 est
1084 2517 1124 2580 ut
1143 2509 1262 2582 infini-
1375 2535 1386 2549 ·

198 2627 273 2692 tum
289 2627 514 2716 componatur
526 2647 570 2696 ex
579 2621 689 2694 finitis
704 2622 978 2716 quotiescunque
991 2623 1228 2717 reduplicatis.
1244 2651 1262 2692 a

198 2729 348 2823 lillllll,¹
364 2736 445 2808 5-10
459 2737 486 2806 ².
528 2727 530 2734 ’

241 2847 314 2918 Alii
328 2847 430 2920 aiunt
440 2845 614 2942 duplicem
627 2873 700 2922 esse
722 2849 946 2939 infinitatem,
968 2851 1073 2923 aliam
1093 2849 1259 2925 intrinse-

198 2985 286 3048 cam,
316 2961 421 3036 aliam
447 2965 678 3037 extrinsecam
684 2985 695 3054 ;
722 2973 758 3037 et
781 2965 1060 3039 divisibilitatem
1085 2968 1260 3041 infinitam

197 3097 271 3149 esse
284 3076 449 3149 continuo
461 3078 709 3169 extrinsecam,¹
724 3102 793 3151 non
808 3079 1045 3152 intrinsecam.
1062 3082 1129 3153 Sed
1141 3082 1171 3152 si
1180 3081 1260 3153 infi-

197 3189 282 3262 uitae
302 3199 418 3286 partes
437 3191 475 3263 in
501 3193 667 3264 continuo
696 3192 792 3264 intus
818 3193 1168 3287 comprehendantur,
1190 3217 1260 3266 non

196 3306 296 3379 video
327 3327 394 3401 quo
416 3324 625 3380 sanosensu
645 3313 814 3379 vocentur
835 3305 1082 3380 extrinsecas...
1107 3308 1195 3380 Nam
1222 3309 1259 3378 in

196 3419 538 3516 additionequidem,
561 3427 678 3515 partes
701 3419 871 3492 addendae
889 3427 972 3492 sunt
993 3419 1178 3492 manifesto
1202 3443 1260 3492 ex·

197 3534 368 3626 trinaecae,
387 3547 451 3608 nec
464 3543 518 3608 tot
535 3533 712 3606 munerari
729 3541 874 3628 possunt
888 3533 972 3629 quin
992 3534 1109 3626 plures
1130 3534 1258 3604 addan-

230 3779 237 3816 l
258 3766 342 3832 Leito.
357 3779 435 3830 lettre
451 3779 646 3843 dDaapicourt
663 3777 733 3842 tuo,
745 3777 842 3837 ltrdm.,
855 3791 877 3841 p.
889 3777 936 3828 746
948 3788 955 3826 τ
969 3789 983 3826 u
998 3776 1044 3826 Les
1060 3775 1140 3840 points
1157 3789 1188 3826 ne
1203 3782 1258 3827 sont

200 3873 246 3924 qua
260 3857 295 3912 les
306 3859 454 3924 extrtmitts,
465 3866 490 3912 et
501 3859 633 3911 uullemcnt
644 3859 687 3910 des
702 3858 791 3926 parties
801 3872 833 3909 ou
845 3861 996 3922 composants
1006 3857 1036 3906 de
1047 3855 1070 3906 la
1082 3855 1156 3919 ligna.
1165 3870 1179 3906 a
1263 3882 1266 3887 ·

227 3939 239 3975 ²
256 3939 353 4005 Oppone
367 3939 449 3992 Laibu.
461 3941 542 3992 Latara
554 3940 571 3989 d
581 3939 700 4002 rosata,
713 3937 783 3998 1693,
795 3937 888 3999 Ενᾱω.,
902 3952 925 4001 p.
937 3936 981 3988 118
992 3952 998 3986 z
1010 3949 1024 3986 u
1034 3935 1062 3987 Je
1073 3936 1122 3986 suis
1136 3934 1257 3986 tellement

196 4035 257 4086 pour
268 4020 352 4072 l'intlnl
364 4020 451 4082 actual,
464 4035 540 4086 que...
555 4021 578 4085 je
595 4019 659 4071 crois
674 4019 731 4084 qu'il
748 4019 788 4082 u'p
801 4033 812 4068 a
826 4031 918 4068 aucune
934 4016 1010 4080 partio
1021 4017 1050 4066 de
1063 4014 1197 4066 lamatierc
1218 4018 1257 4080 qni

195 4116 226 4154 na
241 4103 297 4165 soit,
312 4105 337 4167 je
355 4117 385 4153 nc
400 4103 438 4153 dis
456 4117 498 4167 pas
512 4101 630 4163 dirisibla
643 4102 704 4152 mais
723 4099 892 4150 actuallemcnt
903 4097 1000 4148 diviste.
1017 4111 1030 4148 a
1049 4125 1077 4134 —
1096 4097 1144 4160 lu,
1162 4111 1187 4162 p.
1204 4097 1257 4159 135,

194 4183 240 4234 col.
252 4185 316 4235 ’ἰώ
326 4183 358 4234 lt
372 4187 445 4248 negat
461 4182 557 4242 Leito..
571 4181 635 4246 quod
649 4181 788 4244 infinitam
804 4185 864 4229 octa
880 4178 999 4241 admittat,
1012 4177 1065 4228 ideo
1079 4190 1105 4226 aa
1121 4189 1256 4226 nummum

194 4263 325 4326 infinitum
337 4263 472 4314 admittere.
482 4264 521 4314 nd
532 4263 581 4312 Des
591 4263 685 4318 Bassos,
703 4259 770 4310 1706.
784 4259 879 4320 Erdrn,
892 4274 917 4322 pa
930 4249 1044 4310 hta-436.
1065 4255 1117 4318 Quo
1137 4255 1189 4306 loco
1201 4269 1255 4307 eum

196 4341 315 4395 Glisaoaio
325 4342 471 4408 respondere
483 4341 580 4394 dixeris.
