3196 5228
641 635 681 648 ..
703 600 735 664 11
763 633 802 646 ..

186 733 374 802 anatomiam
391 729 565 802 omiserat.
583 731 635 802 De
652 754 719 825 quo
735 730 845 804 iusius
860 727 958 817 dicit,
973 735 1127 823 utquam
1139 731 1258 824 magni

182 842 302 916 faciat.
318 844 452 938 Neque,
468 851 510 916 ut
523 845 675 934 videtur,
689 843 864 916 immerito
872 867 882 932 3
899 843 928 914 si
944 844 1084 938 quidem
1101 873 1118 912 u
1133 859 1257 917 nomen

183 956 366 1028 rechitidis
380 958 454 1052 ipse
472 965 590 1032 nostor
604 961 722 1032 morbo
737 957 798 1030 isti
814 957 980 1052 imposuit
1000 988 1032 1047 o,
1050 958 1136 1032 adeo
1160 981 1257 1032 suom

182 1072 274 1144 hauc
288 1071 504 1169 provinciam
516 1072 601 1144 fecit
614 1081 637 1148 ¹.

228 1187 295 1260 Sed
317 1186 362 1262 ad
382 1186 657 1261 irritabilitatem
678 1188 872 1277 redeamus,
898 1193 1004 1282 atque
1026 1187 1063 1258 in
1091 1186 1130 1260 eri
1155 1187 1258 1281 paulo

183 1299 318 1374 diutius
340 1300 577 1392 immoremur,
602 1301 729 1398 quippe
750 1326 828 1395 quae
851 1301 898 1373 sit
921 1303 1073 1375 omnium
1090 1300 1259 1374 amedioo

184 1421 301 1487 nostro
316 1415 545 1510 cogitatorum
565 1417 665 1510 quasi
679 1423 797 1510 caput,
813 1423 849 1488 et
861 1439 923 1488 nos
935 1417 979 1487 ad
994 1417 1258 1509 intelligendam

184 1531 281 1604 illius
296 1530 478 1604 denatura
496 1533 701 1603 substantiae
713 1530 924 1604 sententiam
940 1538 1122 1624 praeparet.

227 1646 509 1719 [mutabilitatem
529 1646 603 1740 ipse
617 1646 751 1732 Halier,
772 1644 845 1740 (qui
858 1644 952 1716 illius
963 1645 1130 1718 doctrinae
1145 1645 1175 1716 si
1188 1669 1258 1719 non

182 1767 349 1854 repertor,
365 1757 483 1832 fautor
501 1761 624 1832 saltem
643 1783 683 1830 ac
702 1759 949 1832 celeberrimus
961 1766 1044 1831 ante
1061 1759 1188 1832 Biohat
1200 1783 1260 1854 pa·

181 1880 305 1946 tronus
319 1872 414 1966 fuit),
432 1873 482 1946 sic
495 1871 620 1944 definit
638 1899 645 1942 :
669 1873 856 1946 «Potestas
873 1879 926 1943 est
940 1872 1036 1946 fibroe
1052 1872 1171 1957 insita,
1189 1898 1256 1968 qua

181 2009 219 2059 so
237 1987 414 2059 contrahit
427 1987 472 2058 ad
485 2009 661 2059 accessum
678 1985 811 2057 stimuli
821 1989 845 2057 Ι.
864 2015 880 2050 a
897 1987 999 2059 Hanc
1014 1994 1131 2059 autem
1145 1988 1257 2088 ipsam

181 2107 391 2196 potestatem
418 2087 635 2196 perspexisse
665 2093 895 2195 expresseque
920 2101 1103 2194 agnovisse
1124 2101 1255 2176 Glisso·

181 2215 292 2305 nium‚
310 2221 417 2288 testes
431 2214 519 2288 mihi
534 2223 617 2286 sunt
641 2216 852 2308 quicumque
875 2237 948 2286 rem
969 2216 1253 2308 exploraverunt,

181 2329 306 2402 Weber
315 2329 498 2425 imprimis,
513 2330 627 2423 quilla
637 2334 712 2401 luit.
726 2353 765 2400 co
778 2335 946 2418 Proqress.
962 2334 1103 2403 doctriua.
1118 2334 1254 2404 irritat.

182 2443 336 2517 omnium
347 2444 605 2518 accuratissime
621 2443 807 2516 disseruit:
823 2472 840 2510 ι
853 2441 1061 2534 Glissonius,
1077 2445 1139 2534 ait,
1151 2443 1257 2517 fibras

181 2559 334 2653 corporis
348 2559 494 2632 animati
509 2558 629 2632 docuit
645 2559 813 2632 facultate
837 2582 874 2631 se
899 2558 1127 2632 contrahendi
1150 2559 1257 2632 insita

180 2675 347 2768 gaudere,
364 2697 468 2769 quam
490 2698 581 2746 novo
597 2679 837 2746 irritatilltctls
855 2673 996 2746 nomine
1014 2680 1183 2759 notatam,
1212 2677 1263 2746 ab.

181 2789 342 2864 omuibus
358 2790 537 2862 hactemus
554 2789 705 2884 cognitis
720 2789 855 2861 viribus
871 2787 1047 2883 separavit
1064 2791 1090 2861 ³.
1119 2817 1136 2854 a
1199 2841 1203 2852 .

214 3018 221 3052 Ι
244 3053 292 3070 .....
307 3031 321 3068 ιι
335 3015 446 3068 iiiorbum
459 3021 514 3066 aute
525 3016 637 3078 triginta,
648 3029 694 3066 oon
705 3015 786 3082 plures
797 3029 882 3078 anuos,
896 3015 921 3066 iu
933 3015 1076 3067 occidentali
1086 3016 1173 3082 Argita
1185 3016 1257 3068 inuo-

179 3097 264 3160 tuisse,
277 3093 332 3148 iuiie
345 3095 479 3148 Londinum
492 3097 626 3154 advectum,
637 3095 661 3146 iu
672 3093 764 3147 boreali
778 3097 864 3158 luglia
878 3097 1015 3148 etiamnunc
1026 3111 1109 3148 rarum
1121 3110 1173 3148 esse
1182 3111 1196 3147 u
1205 3131 1253 3150 .....

180 3187 239 3240 eta,
252 3187 271 3229 t.
284 3179 326 3240 ΙΙΙ,
340 3194 363 3243 p.
376 3178 414 3229 13.
1047 3207 1053 3222 .

212 3262 224 3296 2
242 3259 364 3312 Babliotlt.
379 3258 442 3310 med.
454 3265 575 3325 pruct.,t.
591 3259 633 3321 lli,
644 3273 669 3324 p.
684 3259 722 3310 il.
736 3285 767 3296 ·-
783 3259 877 3324 Bicbat,
889 3261 1025 3310 lautomia
1034 3260 1160 3326 peperolo,
1174 3262 1255 3312 irrita·

179 3342 299 3392 bilitatem
318 3343 351 3391 ita
370 3339 420 3390 vuit
435 3340 546 3403 intelligi,
559 3347 584 3390 ut
597 3355 645 3391 ron
660 3341 710 3404 jam
722 3339 753 3389 ad
765 3339 851 3388 libram
866 3345 967 3400 tautum,
985 3341 1027 3390 sed
1038 3342 1069 3391 ad
1081 3341 1192 3406 qualibet
1206 3343 1254 3394 riri

179 3409 290 3486 corporis
306 3421 425 3471 elemento
444 3421 573 3486 pertineat.
593 3419 673 3474 AEtate
694 3427 777 3471 autem
794 3425 888 3484 nostra,
899 3421 970 3472 iatius
982 3423 1056 3472 etiam
1068 3429 1135 3487 patet
1146 3423 1253 3487 ejusdem

180 3501 290 3554 vocabuli
309 3502 453 3565 significatio
475 3502 630 3567 :siquidem
654 3510 756 3553 auctore
778 3502 816 3552 Gi.
841 3502 960 3564 Bernard,
980 3502 1140 3559 irritabilitate
1153 3503 1252 3569 prodita

178 3581 279 3635 dicenda
292 3591 347 3634 suut
360 3597 517 3648 quacumque
533 3583 626 3644 vivunt,
643 3583 735 3634 scilicet
753 3596 910 3648 quoecumque
930 3583 1027 3633 stimulo
1046 3584 1126 3647 aliquo
1138 3583 1252 3647 excitata,

179 3664 246 3714 uitali
264 3665 372 3730 quolibet
393 3664 464 3715 modo
481 3664 588 3714 relidunt
607 3671 631 3714 et
652 3664 749 3729 propria
768 3664 871 3730 quadam
884 3663 972 3730 ri‚pro
983 3678 1025 3714 suu
1036 3665 1140 3728 quidque
1152 3670 1252 3728 natura,

179 3751 265 3809 agunt.
1111 3761 1113 3765 ·

209 3827 222 3862 ³
239 3827 299 3878 lteru
310 3842 317 3878 :
329 3826 358 3878 G.
370 3825 402 3877 il.
415 3826 496 3892 ileyer
506 3827 529 3876 ir
540 3827 640 3878 Aratio.
650 3827 694 3892 sair
704 3827 746 3877 die
757 3829 896 3876 Gcscmmte
904 3826 1026 3896 modicia,
1041 3826 1110 3878 1843.
1121 3827 1167 3878 Cb.
1178 3826 1254 3879 Muel-

177 3909 223 3972 ior,
237 3910 283 3960 Fr.
297 3907 420 3960 Glissom't
431 3909 586 3959 theoremata
599 3909 628 3958 de
640 3907 813 3974 perceptione,
826 3907 945 3972 appetitu
957 3913 980 3958 ct
994 3913 1074 3970 motu,
1088 3907 1169 3971 licrol,
1181 3908 1250 3972 teto,

178 3989 239 4041 ira-8.
950 4034 954 4042 .

187 4057 189 4062 ’
209 4072 262 4124 lam
280 4075 361 4132 autea,
375 4071 397 4124 l.
412 4070 442 4123 G.
455 4072 643 4130 Zimmermann,
663 4072 815 4122 Dissertatio
830 4069 1007 4136 physiolopicc
1020 4071 1049 4120 de
1064 4070 1250 4130 irritabiiitcte,

178 4152 310 4216 Gottingae,
329 4166 421 4204 uocem
442 4165 449 4202 ε
466 4166 480 4202 ιι
495 4153 528 4204 iia
541 4152 706 4203 irritabilitate
725 4152 793 4202 srbrae
814 4149 958 4201 muscularis
981 4149 1073 4200 nulium
1091 4150 1188 4202 dubium
1204 4157 1250 4215 est,

177 4233 241 4300 opud
253 4223 532 4284 celebrem'Glissouium
543 4233 593 4296 jam
606 4231 757 4296 reperitur...
770 4245 795 4294 a,
807 4245 831 4296 p.
844 4231 884 4283 18.

208 4313 280 4378 Apud
302 4326 346 4364 uua
365 4313 455 4376 Castel,
478 4314 749 4366 Camactulicorum
776 4309 946 4362 i’irritobilite
970 4316 994 4360 et
1017 4310 1043 4360 Ια
1069 4311 1254 4371 contrectatae,
