3156 5232
616 637 774 698 ..75-

166 764 241 836 tiva
271 765 448 836 internum
481 760 654 856 quoddam
681 761 767 831 vitae
796 761 925 848 lumen,
945 783 1015 854 quo
1045 758 1228 830 facultates

167 878 358 972 respective
381 879 628 969 subsequentes
649 874 857 968 diriguntur.
876 874 912 946 Si
927 897 1008 968 ergo
1030 872 1229 966 perceptiva

167 999 221 1083 (ut
241 993 278 1064 in
301 993 413 1086 prima
439 991 537 1080 serie)
561 991 608 1062 sit
626 989 807 1078 naturalis,
826 989 1019 1082 appetitiva
1041 993 1078 1059 et
1098 986 1230 1058 motiva

165 1107 299 1179 fuerint
326 1106 487 1178 similiter
512 1105 730 1176 naturales...
760 1127 800 1174 ac
827 1104 1000 1196 deinceps.
1031 1102 1158 1190 Porro,
1189 1106 1230 1171 ut

165 1223 366 1316 perceptiva
383 1220 430 1310 (in
444 1219 554 1312 prima
568 1221 667 1309 serie)
681 1242 750 1290 non
762 1217 934 1312 dependet
945 1220 988 1289 ab
1001 1215 1194 1311 appetitiva
1204 1217 1227 1304 ¹,

166 1343 228 1408 aut
247 1335 322 1406 haec
342 1358 363 1404 a
380 1335 523 1420 motiva,
550 1335 610 1406 sed
628 1337 741 1406 ambae
766 1333 821 1404 hae
851 1334 894 1404 ab
917 1333 995 1421 illa3
1025 1333 1076 1402 ita
1102 1331 1152 1420 (in
1175 1351 1229 1400 se-

166 1450 279 1520 cunda
299 1447 400 1538 seriel
425 1448 618 1541 appetitiva
645 1448 773 1541 pendet
796 1470 816 1517 a
841 1445 1020 1534 sensitiva,
1038 1453 1075 1518 et
1098 1444 1230 1516 motiva

166 1565 209 1634 ab
224 1562 430 1655 appetitiva,
443 1585 513 1633 non
531 1571 650 1634 contra
658 1585 668 1650 3
686 1560 915 1653 similiterque
927 1561 963 1632 in
978 1560 1084 1632 tentia
1098 1557 1227 1630 serie...

165 1680 281 1770 Atque
295 1678 352 1748 hae
367 1685 450 1748 sunt
464 1676 728 1749 communitates
745 1675 820 1748 sive
839 1673 1093 1746 convenientiae
1106 1673 1229 1744 harum

166 1792 343 1862 sevierunt.
364 1818 380 1856 »
405 1791 494 1882 (XV,
511 1789 559 1880 3.)

213 1933 229 1969 «
254 1905 396 1976 Habent
412 1913 447 1975 et
462 1927 542 1976 suas
560 1904 785 1977 differentiae.
809 1905 926 1976 Prima
946 1903 1053 1977 series
1074 1904 1230 1975 continet

165 2015 351 2091 facultates
378 2038 464 2110 pure
492 2019 669 2089 naturales
696 2026 731 2088 et
758 2017 950 2089 necessario
986 2021 1128 2108 agentes
1134 2037 1155 2104 ;¹
1175 2035 1226 2084 sc-

167 2132 293 2219 cunda,
319 2132 445 2224 partim
468 2135 657 2218 naturales,
679 2135 804 2226 partim
824 2130 995 2223 judicium
1018 2130 1229 2224 participan-

166 2256 231 2335 teS,
251 2255 285 2316 et
306 2248 417 2317 medio
443 2247 543 2318 modo
568 2247 660 2320 inter
679 2247 919 2319 necessitatem
935 2255 970 2318 et
983 2246 1179 2318 libertatem
1195 2268 1231 2317 se

167 2363 347 2434 habentes.
364 2361 490 2434 Earum
506 2361 598 2434 enirn
615 2362 769 2434 actiones
783 2361 981 2441 variabiles,
1001 2369 1037 2434 et
1052 2359 1232 2454 cujusdam

168 2474 362 2568 disciplinae
389 2497 530 2566 capaces
558 2483 652 2546 sunt.
680 2474 790 2548 Canes
816 2475 965 2564 enim,...
991 2476 1085 2571 equi,
1111 2479 1229 2560 boves,

170 2598 251 2678 eta,
268 2589 397 2660 dociles
419 2597 501 2660 sunt
517 2598 552 2661 et
565 2613 628 2682 pro
642 2597 768 2662 natura
786 2613 902 2662 rerum
918 2615 939 2662 a
953 2613 989 2661 se
1003 2589 1232 2684 gerendarum

170 2727 306 2796 poenam
337 2712 442 2798 atque
466 2706 647 2796 praemium
677 2712 878 2798 exspectare
909 2705 1048 2776 diseunt
1061 2707 1086 2774 ².
1115 2705 1232 2775 Tertia

170 2817 275 2889 series
299 2820 540 2910 complectitur
560 2819 788 2908 intellectum,
810 2819 1012 2890 facultatem
1035 2818 1175 2912 quidem
1189 2817 1232 2888 de

170 2956 206 3003 se
231 2955 301 3003 non
324 2932 481 3021 liberam,
498 2934 558 3004 sed
582 2933 713 3004 fontem
740 2934 934 3006 libe1tatis³
949 2935 986 3004 in
1003 2935 1184 3006 voluntate
1198 2940 1233 3003 et

170 3047 320 3118 motibus
345 3049 427 3119 inde
449 3048 662 3120 fluentibus:
680 3048 825 3140 Objecta
847 3049 1010 3120 nimirum
1031 3050 1095 3120 sub
1115 3047 1233 3140 aliqua

169 3161 406 3234 indifferentia
425 3165 658 3256 proponendo,
673 3163 940 3236 fundamentum
954 3164 1074 3236 liberae
1094 3164 1234 3236 electio-

171 3275 224 3346 nis
235 3276 341 3367 jaeet.
364 3279 405 3349 In
419 3279 532 3370 prima
548 3279 636 3349 serie
653 3301 771 3350 omnes
795 3278 980 3350 facultates
1005 3279 1129 3351 erroris
1153 3285 1236 3349 sunt

171 3391 343 3477 expertes.
357 3385 398 3456 In
412 3387 576 3475 secunda,
593 3389 707 3458 brutae
729 3387 926 3476 facultates,
944 3395 1113 3480 quantum
1125 3388 1233 3480 parti·

172 3499 291 3590 cipant
305 3499 349 3570 de
358 3499 503 3591 judicio,
521 3507 658 3571 tanturn
678 3501 886 3594 participare
906 3501 1012 3573 etiarn
1034 3508 1179 3594 possunt
1192 3500 1236 3580 de

173 3633 299 3684 errore.
325 3612 451 3684 Sensus
472 3613 565 3687 eninr
586 3614 785 3708 frequenter
810 3613 1043 3708 decipiuntur,
1060 3614 1236 3708 appetitus

172 3726 367 3817 deluditur,
392 3734 506 3800 motus
532 3729 732 3799 frustratur.
755 3729 796 3800 In
817 3729 935 3819 tertia,
960 3728 1144 3801 facultates
1166 3751 1236 3799 non

172 3840 310 3908 tanturn
337 3835 510 3907 erroribus
537 3835 698 3908 obnoxiae
720 3843 819 3921 sunt,
843 3859 965 3908 verum
991 3837 1096 3908 etiam
1120 3835 1235 3906 meriti

205 3989 212 4022 ¹
233 3987 306 4038 Paulo
319 3988 389 4038 aliter
403 3989 488 4040 Leibn.
502 3991 548 4039 Pr.
565 3990 596 4040 dc
613 3989 639 4038 ta
657 3992 716 4040 Nat.
735 3995 759 4040 ct
775 3990 804 4039 dc
824 3989 851 4039 la
867 3990 950 4052 proce,
963 3991 986 4052 3,
1005 4005 1018 4038 a
1036 3990 1070 4040 lea
1086 3987 1237 4054 perceptione

175 4069 280 4118 uaisseut
293 4067 328 4118 les
340 4083 399 4117 unes
410 4069 452 4118 des
465 4075 545 4118 autres
557 4083 599 4133 par
610 4069 647 4119 les
659 4069 703 4118 lois
713 4068 754 4118 des
765 4069 876 4132 appetite.
889 4086 901 4116 a

204 4147 216 4184 ²
234 4149 318 4198 Leibn.
332 4150 461 4209 Monodol,
476 4151 516 4200 26.
1039 4203 1040 4206 ,

208 4227 218 4262 ¹
234 4229 320 4281 Leibn.
337 4231 376 4278 Ad
392 4231 520 4292 abaco,
540 4231 580 4288 lll,
597 4229 694 4291 Erdm,
712 4243 734 4294 p.
751 4231 806 4282 too.
821 4259 850 4266 —
865 4232 954 4281 Theou.
974 4232 992 4290 l,
1006 4231 1047 4295 45,
1059 4237 1082 4280 et
1096 4230 1192 4294 possim.
1207 4256 1238 4267 -

177 4309 263 4358 Pricc.
275 4310 306 4358 dc
319 4308 345 4359 lc
357 4311 417 4359 Nat.
427 4317 449 4360 ct
460 4311 490 4360 dc
503 4311 529 4360 lu
541 4313 624 4374 proce,
639 4311 675 4362 ll.
694 4325 708 4360 o
721 4311 795 4362 Notre
812 4312 865 4362 ture
879 4319 916 4362 est
932 4310 1139 4374 architectoniqoc
1152 4323 1239 4360 encore

176 4389 235 4438 dans
247 4389 282 4440 lca
296 4390 387 4440 actions
400 4389 553 4441 volontairas.
566 4405 580 4440 >r
590 4417 619 4428 -
629 4391 665 4441 Dc
676 4391 809 4452 Libertate,
821 4391 916 4453 Erdm.,
930 4406 953 4456 p.
965 4390 1020 4442 669.
