3156 5232
649 589 808 650 ..89-

195 741 273 791 mus
292 718 377 790 dixi.
397 717 498 790 Dixit
511 716 593 789 olim
608 717 827 806 Aristoteles,
839 717 997 790 Natural.
1015 720 1173 792 AusouIt.
1187 721 1212 791 Ι.
1225 719 1260 794 F.

196 857 271 928 cap,
295 836 324 905 1,
343 835 387 896 'ft
411 835 459 915 μὲν
482 841 543 917 γοῦν
557 833 633 916 φύσει
646 835 720 911 ὄντα,
740 834 830 895 πάντα
851 833 970 916 φαίνεται
993 834 1088 918 ἔχοντα
1112 839 1139 896 ἐν
1160 841 1264 909 ἓαυτδις

195 949 482 1034 approximassent
496 949 624 1018 στάσεως.
642 952 728 1019 Nom
738 969 945 1036 quacumque
957 963 1085 1020 aurora
1101 965 1261 1035 comeatu,

194 1069 351 1136 viduetur
364 1069 399 1134 ἐπ
413 1087 446 1135 se
462 1068 539 1156 ipsis
561 1067 680 1134 tatere
691 1066 895 1153 prinoa'piam
917 1070 1023 1134 motus
1049 1077 1079 1133 et
1094 1068 1222 1152 quietis.
1243 1093 1260 1129 a

197 1176 382 1252 Communi
406 1177 585 1251 hominum
603 1198 773 1249 consensu
796 1181 832 1248 et
853 1175 955 1248 modo
979 1177 1144 1272 loquendi
1170 1177 1262 1251 idem

195 1292 431 1366 confirmatur.
447 1291 562 1375 XVII·
582 1291 634 1364 10.

240 1406 407 1497 Tandem,
426 1412 469 1478 ut
483 1408 594 1477 vitam
616 1427 690 1478 esse
713 1404 823 1498 ipsam
848 1404 1054 1498 substantiae
1076 1405 1113 1478 in
1134 1429 1262 1500 genere

197 1528 359 1594 naturam
373 1521 484 1614 magis
495 1544 536 1593 ao
549 1519 659 1614 magis
671 1526 803 1613 pateat,
820 1549 837 1586 α
853 1528 1012 1614 superest
1026 1521 1262 1617 expendamus

197 1634 389 1707 Formalem
404 1635 489 1705 vitae
513 1656 663 1720 oausam,
677 1633 788 1728 ipsam
811 1631 977 1706 nimirum
999 1635 1169 1709 rationem
1192 1637 1264 1709 for·

197 1747 324 1821 malem
347 1747 422 1820 sive
445 1749 632 1820 essentium
649 1746 815 1839 ejusdem.
834 1776 851 1813 »
870 1747 1092 1820 Probandum
1115 1750 1266 1845 primum

199 1868 264 1952 est,
278 1861 389 1932 vitam
404 1883 473 1933 non
493 1883 567 1934 esse
580 1860 764 1934 aooideus:
784 1890 801 1926 «
816 1861 853 1932 Si
867 1861 961 1933 enim
982 1864 1058 1935 vita
1071 1863 1118 1935 sit
1130 1870 1268 1937 tantum

199 1975 371 2065 assidens,
398 1981 461 2047 aut
486 1973 711 2047 accidentalis
735 1975 940 2070 proprietas,
968 1984 1021 2048 est
1045 1978 1129 2072 quid
1152 2002 1269 2053 eonse-

199 2111 310 2184 queus
333 2088 519 2162 essentiam
537 2089 744 2160 substantiae
761 2094 798 2160 et
816 2111 885 2160 non
909 2111 950 2160 ea
971 2089 1048 2184 ipsa
1068 2093 1264 2166 essentia.»

198 2204 398 2277 —Frustra
423 2209 541 2276 erstem
565 2225 640 2277 esse
663 2203 823 2276 accidens
847 2203 997 2295 dicatur,
1015 2227 1056 2278 eo
1076 2205 1202 2301 «quod
1223 2207 1271 2281 sit

199 2342 262 2414 per
283 2318 527 2392 inhaerentiam
546 2317 584 2388 in
603 2317 816 2409 substantia,
843 2339 988 2413 eamque
1008 2321 1155 2415 utquid
1179 2344 1270 2395 eam·

200 2435 279 2507 dem
308 2433 462 2506 afficiens
490 2431 703 2504 denominat.
738 2431 965 2523 (Praedicatur
994 2432 1102 2522 enim,
1130 2459 1201 2508 non
1230 2437 1268 2509 in

199 2547 296 2643 quid,
313 2548 373 2620 sed
390 2546 428 2618 in
443 2547 558 2642 quale.
578 2547 655 2620 Non
675 2545 768 2619 enim
790 2546 937 2620 dicimus
961 2548 1194 2622 substantiam
1213 2551 1267 2622 di-

198 2669 294 2736 reote
320 2685 395 2736 esse
422 2660 546 2746 vitam,
572 2661 633 2733 sed
661 2661 800 2756 oblique
825 2685 900 2734 esse
922 2662 1097 2754 vivam...)
1125 2663 1268 2739 Frustra

199 2777 337 2849 dicatur
350 2777 387 2848 in
402 2776 517 2848 subito
530 2775 676 2848 iuteritu
693 2776 896 2848 animalium
913 2777 1088 2873 extingui,
1104 2791 1269 2856 manente

200 2891 347 2965 materia
366 2889 619 2985 quodammodo
639 2889 819 2984 integra...
840 2891 983 2984 Frustra
1000 2893 1151 2990 denique
1167 2897 1268 2973 vide·

200 3015 259 3078 tur
272 3005 438 3098 gradibus
451 3004 594 3094 variari,
612 3004 704 3098 quod
717 3003 800 3076 solis
814 3004 1055 3080 accidentibus
1071 3013 1269 3105 approprIa·

196 3127 280 3190 tur:
298 3119 506 3192 substantiae
529 3117 623 3191 enim
645 3141 714 3189 non
734 3116 932 3213 suscipiunt
957 3120 1068 3214 magis
1084 3131 1120 3195 et
1134 3124 1263 3198 minus.

205 3277 237 3290 -
256 3235 324 3308 His
337 3235 497 3307 omnibus
513 3233 608 3306 haud
629 3233 815 3306 difficulter
830 3233 1030 3329 responderi
1046 3245 1173 3331 potest.
1190 3239 1266 3313 Pri-

200 3376 294 3425 mum
314 3352 408 3424 enim
430 3359 557 3423 natura
580 3349 854 3422 fundamentalis
881 3351 1087 3422 substantiae
1104 3376 1124 3424 a
1140 3362 1265 3427 natura

199 3465 413 3563 energetiea,
441 3490 521 3563 quae
545 3467 622 3560 ipsa
647 3465 722 3537 vita
749 3463 912 3538 radicalis
936 3474 1001 3557 est,
1032 3470 1105 3540 sola
1130 3470 1266 3544 ratione

199 3581 326 3656 differt.
351 3581 426 3654 Ftsi
450 3605 531 3675 ergo
560 3580 701 3676 oblique
724 3587 864 3652 tantum
886 3580 1096 3675 praeditatur
1118 3583 1161 3656 de
1183 3587 1265 3657 sub-

198 3697 341 3788 stantia,
359 3703 422 3769 aut
440 3694 638 3768 substantia
651 3695 695 3766 de
711 3716 764 3785 ea,
784 3718 854 3767 non
872 3701 991 3769 tamen
1013 3703 1067 3796 est
1088 3697 1261 3790 aeoideus,

103 3863 105 3868 -
199 3810 259 3884 sed
273 3810 546 3884 fundamentalis
564 3832 656 3904 pars,
673 3831 735 3882 seu
756 3808 889 3903 primus
904 3815 940 3882 et
955 3811 1120 3885 radicalis
1137 3810 1267 3884 inadae·

197 3933 326 4021 quotus
345 3930 530 4019 conceptus
553 3924 772 3996 substantiae.
797 3925 915 4019 Atque
929 3925 979 3997 sio
994 3925 1144 3999 solvitur
1155 3927 1269 4023 prima

199 4037 360 4130 objectio,
384 4037 513 4127 XVIII,
532 4039 564 4128 1,
580 4037 614 4128 2,
632 4038 665 4110 3.
682 4078 728 4092 -
747 4038 904 4110 Secundo
932 4040 1128 4113 cavendum
1150 4049 1203 4114 est
1223 4067 1268 4116 ne

197 4155 308 4227 vitam
329 4153 533 4249 primaevam
548 4160 697 4243 naturae,
714 4175 794 4226 oum
807 4153 873 4224 hae
886 4154 1029 4226 animali
1052 4155 1127 4228 vita
1141 4156 1183 4228 de
1199 4180 1267 4248 qua

197 4267 235 4338 in
258 4265 432 4339 medicina
456 4273 639 4356 tractatur,
664 4265 928 4342 confundamus.
956 4267 1039 4342 Vita
1061 4267 1154 4341 enim
1181 4271 1266 4342 sim·
