3156 5232
625 598 664 610 —
682 559 744 629 Ila
765 602 805 614 --

178 695 314 792 nequit.
333 693 371 770 Si
386 693 526 792 quidem
539 694 753 767 continuitas
768 695 1019 785 extensionem,
1035 697 1245 793 0111100ορ01-

176 820 230 884 tes
244 819 344 884 extra
354 817 470 906 partes
484 815 660 895 extensae,
674 815 710 880 et
724 815 974 903 consequenter
987 809 1149 884 dividuas
1166 836 1245 906 sup·

174 928 275 1022 ponit
288 930 313 997 ¹.
332 956 345 990 1
366 925 513 1007 XXXII,
534 925 590 996 15.

217 1032 276 1112 'Ita
292 1048 408 1134 partes
427 1039 586 1110 continui
610 1025 775 1112 dicuntur
796 1039 958 1130 infinitae,
978 1069 995 1105 «
1011 1039 1047 1110 in
1063 1040 1184 1112 ordine
1202 1042 1245 1110 ad

177 1156 387 1228 divisionem
407 1153 633 1248 potentialem
658 1151 846 1242 infinitam,
862 1177 967 1246 quam
987 1154 1159 1227 sustinere
1173 1177 1235 1248 pos

178 1278 280 1360 sunt3
309 1269 497 1358 nimirum,
525 1266 618 1361 quod
635 1268 689 1338 ¹ad
715 1267 876 1338 ultimam
907 1265 1116 1340 divisionem
1144 1292 1248 1363 quam

178 1384 269 1458 ferre
287 1389 434 1476 possunt
454 1380 638 1476 pervenire
659 1404 729 1452 non
744 1380 890 1452 liceat...
905 1409 923 1449 a
950 1409 966 1447 a
978 1381 1055 1454 Duo
1072 1390 1190 1480 autem
1205 1381 1266 1454 de

179 1497 296 1568 haere
315 1503 503 1588 supersunt
515 1493 776 1566 consideranda.
790 1493 927 1564 Primus
939 1491 1037 1585 cujus
1048 1495 1143 1566 modi
1153 1495 1250 1568 entia

179 1618 262 1684 sunt
285 1611 469 1705 particulae
493 1632 637 1681 numero
653 1609 837 1703 potentiali
854 1607 1017 1680 infinitae.
1039 1610 1248 1695 Secundum,

179 1726 372 1819 cujusmodi
395 1733 523 1810 essent,
544 1723 652 1818 siper
676 1723 888 1816 impossibile
910 1723 948 1794 in
968 1723 1145 1797 infinitum
1170 1732 1251 1797 actu

177 1841 303 1912 divisae
326 1845 505 1912 starent.»
528 1837 675 1920 XXXII,
691 1835 747 1908 ab.
768 1838 856 1910 «Ad
877 1837 1142 1932 primumquod
1168 1841 1248 1910 atti·

180 1962 251 2042 net,
269 1961 403 2026 certum
426 1974 500 2024 esse
524 1951 685 2034 arbitror,
703 1951 895 2044 particulas
917 1952 1074 2045 potentia
1095 1951 1253 2024 infinitas

179 2068 268 2140 nihil
291 2067 389 2139 aliud
412 2089 486 2139 esse
507 2067 576 2136 nisi
596 2057 787 2159 particulas
806 2066 978 2155 continui,
998 2089 1066 2161 qua
1081 2068 1251 2154 continui,

181 2189 392 2277 (quanquam
406 2181 588 2252 extensive
605 2187 641 2251 et
656 2186 737 2250 actu
747 2177 890 2270 finitas),
910 2202 1002 2272 quae,
1022 2180 1065 2250 ob
1082 2180 1251 2252 rationem

180 2293 434 2385 continuitatis
452 2298 490 2366 in
510 2294 605 2366 omni
625 2301 754 2386 puncto
773 2293 1032 2383 mathematico,
1050 2293 1115 2366 1100
1131 2304 1197 2384 001,
1213 2297 1250 2366 in

180 2411 370 2500 infinitum,
391 2409 585 2482 divisibiles
599 2416 693 2480 sunt.
712 2407 851 2480 Etenim
867 2409 931 2480 hoa
946 2431 1050 2480 sensu
1067 2432 1136 2480 non
1153 2431 1252 2502 repu-

180 2534 266 2621 gnat
291 2525 496 2597 continuum
522 2522 662 2594 finitum
686 2545 761 2594 esse
785 2524 822 2592 in
846 2521 1023 2595 infinitum
1049 2523 1247 2595 divisibile:

180 2665 258 2714 cum
283 2643 419 2714 ultimae
446 2642 604 2723 rationes
628 2641 787 2712 continui
812 2643 908 2713 nullo
932 2664 1076 2713 numero
1098 2641 1247 2734 partium

179 2753 279 2827 finito
299 2755 625 2848 comprehensibiles
640 2754 724 2844 sint,
739 2761 869 2826 nectet
886 2777 1042 2848 unquam
1060 2763 1247 2847 ponantur,

179 2870 262 2964 quia
286 2871 403 2964 plures
423 2871 692 2961 designentur...
712 2898 728 2935 »
758 2867 906 2954 XXXII,
930 2867 974 2940 23
988 2870 1014 2939 ².
1041 2868 1249 2961 Dispropor-

178 2985 309 3056 tionem
327 2983 486 3055 continui
500 2990 536 3054 et
556 2983 698 3053 discreti
714 2981 847 3052 fontem
862 2983 987 3053 harum
1005 2980 1249 3054 difficultatum

180 3105 306 3190 pute...
323 3097 437 3168 Datur
450 3097 543 3168 enim
556 3097 731 3189 proportio
745 3096 783 3166 in
795 3097 983 3178 continuis,
1001 3118 1081 3189 quae
1095 3095 1251 3168 numeris

180 3235 248 3283 non
277 3218 393 3305 potest
419 3211 579 3304 exprimi.
619 3209 771 3299 Scilicet,
805 3211 1053 3284 «continuum
1087 3233 1248 3281 nonnun-

181 3347 284 3416 quam
298 3347 319 3395 a
333 3324 514 3396 subtiliore
530 3322 775 3394 divisibilitate
790 3346 894 3417 quam
911 3345 1077 3396 numerus
1090 3325 1249 3394 aemulari

180 3446 296 3531 potest
322 3460 421 3510 suem
452 3437 709 3530 proportionem
738 3437 891 3530 partium
917 3438 1012 3508 inter
1037 3460 1073 3509 00
1097 3436 1246 3508 derivat.

182 3551 257 3635 Quo
273 3575 355 3626 casu
370 3570 533 3622 numerus
552 3549 677 3620 surdus
696 3556 760 3639 001,
778 3557 814 3620 01
828 3551 1085 3643 proportionem
1099 3574 1169 3621 non
1186 3573 1247 3622 ex-

182 3667 309 3760 quisite
338 3666 490 3758 expedit.
522 3662 637 3755 Hujus
662 3664 755 3734 modi
779 3666 1020 3758 proportiones
1049 3665 1249 3758 frequenter

181 3785 368 3877 occurrunt
390 3780 428 3849 in
451 3779 581 3851 tabulis
608 3777 760 3864 sinuum,
780 3785 822 3848 ut
843 3786 879 3850 et
896 3779 1119 3870 tangentium
1144 3788 1249 3873 atque

181 3893 391 3976 secantium
418 3894 455 3964 in
480 3893 694 3987 quadratura
719 3892 861 3981 circuli;
889 3894 927 3962 in
948 3892 1176 3965 fractionibus
1193 3894 1248 3964 in-

213 4074 219 4107 *
240 4073 323 4124 Leibn.
339 4072 435 4132 11111111,
453 4086 478 4136 p.
492 4071 545 4134 116,
558 4071 603 4121 001.
614 4072 639 4122 1.
659 4070 732 4122 11100
753 4071 832 4134 points
851 4070 1250 4136 011101000οη00011111111011100

180 4153 251 4217 qn'en
263 4167 429 4218 apparente.»

212 4240 224 4276 ²
241 4239 323 4291 Leito.
334 4242 374 4290 Ad
386 4241 432 4290 Des
444 4243 541 4301 Bosses,
552 4240 624 4289 Erdm
638 4276 645 4302 ,
659 4254 683 4302 p.
695 4239 813 4292 itt-tto.
