3156 5232
763 577 922 638 ..88-

311 703 451 790 ternum
467 710 676 808 principium
698 716 872 802 operatur,
888 715 924 778 et
941 712 1192 798 consequenter
1212 705 1379 799 peridem

312 835 484 902 movetur.
509 823 652 918 Operari
675 829 711 894 et
734 844 873 893 movere
896 821 1141 914 propemodum
1165 820 1259 892 idem
1282 829 1377 906 sunt,

312 927 505 1038 praesertim
523 939 553 1010 si
569 935 747 1029 intelligas
761 935 804 1006 de
814 931 1073 1029 operationibus
1084 933 1346 1008 transeuntibus
1356 943 1378 1006 ¹.

313 1057 417 1130 Actio
432 1053 524 1127 enim
545 1049 716 1122 transiens
736 1055 903 1143 perpetuo
925 1055 1058 1119 motum
1082 1055 1144 1120 aut
1167 1047 1282 1123 nisum
1305 1074 1379 1123 mo-

290 1159 294 1169 ’
313 1170 420 1245 vendi
437 1166 559 1263 (quiin
574 1166 647 1236 lata
664 1163 760 1236 vocis
781 1163 981 1256 acceptione
995 1170 1111 1234 motus
1134 1163 1273 1258 quidam
1300 1170 1378 1256 est),

313 1285 484 1358 insinuat.
515 1281 619 1352 Actio
650 1286 768 1351 autem
800 1277 993 1350 immanens
1022 1277 1150 1350 certius
1177 1286 1382 1352 transeunte

314 1400 401 1472 vitae
417 1395 586 1469 indicium
608 1401 662 1465 est
667 1417 678 1483 3
695 1400 737 1465 ut
753 1415 887 1481 sensus,
904 1393 1079 1486 appetitus
1100 1392 1302 1478 sensitivus,
1324 1394 1380 1465 in-

314 1515 488 1601 tellectus,
504 1511 681 1593 voluntas,
700 1505 872 1601 perceptio
887 1505 1058 1578 naturalis
1070 1514 1106 1579 et
1128 1507 1303 1609 appetitus
1317 1531 1381 1580 na-

315 1626 453 1700 turalis.
467 1626 523 1697 lta
536 1629 578 1694 ut
591 1622 706 1717 posita
724 1621 762 1692 in
784 1642 1003 1715 quocumque
1025 1621 1203 1715 supposito
1229 1622 1383 1694 naturali

317 1743 434 1837 aliqua
451 1738 663 1834 operatione,
680 1735 756 1808 sire
777 1735 988 1808 immanente
1013 1735 1088 1808 sive
1110 1741 1326 1828 transeunte,
1345 1738 1383 1809 in

317 1857 437 1930 eodem
456 1853 600 1948 ponitur
624 1850 803 1923 internum
824 1857 939 1922 motus
962 1856 998 1922 et
1023 1850 1108 1921 vitae
1129 1849 1382 1944 principium...

316 1961 495 2046 Naturalis
509 1967 602 2039 enim
614 1964 768 2060 operatio
781 1971 836 2036 est
857 1986 937 2057 quae
953 1988 974 2035 a
988 1972 1114 2036 natura
1138 1964 1324 2058 provenit:
1347 1972 1385 2037 at

316 2093 443 2158 natura
458 2091 494 2155 et
507 2080 659 2154 essentia
671 2080 792 2152 eadem
807 2101 862 2150 res
878 2087 972 2160 sunt,
992 2102 1071 2173 quae
1094 2087 1221 2151 natura
1238 2087 1385 2153 vocatur

315 2201 354 2273 in
369 2199 490 2271 ordine
506 2195 551 2268 ad
565 2194 814 2288 operationem,
829 2199 866 2264 et
879 2193 1030 2265 essentia
1041 2195 1079 2264 in
1095 2193 1217 2268 ordine
1229 2195 1273 2265 ad
1288 2218 1386 2268 cons-

317 2314 519 2385 titutionem
532 2309 718 2405 propriam.
738 2339 755 2377 a
774 2308 887 2395 XVII,
904 2309 937 2382 9.
1420 2318 1424 2324 '

362 2429 496 2502 Natura
509 2427 629 2521 itaque
644 2423 919 2497 fundamentalis
935 2422 1143 2497 substantiae
1157 2431 1211 2497 est
1224 2425 1387 2498 ultimum

320 2543 531 2638 principium
559 2541 809 2635 energeticum.
834 2537 935 2624 Quod
967 2540 1026 2634 qui
1059 2547 1178 2635 negat,
1212 2547 1389 2614 «tenetur

319 2680 483 2744 asserere,
511 2662 641 2749 praeter
655 2653 828 2726 animalia
850 2662 887 2726 et
909 2656 1048 2747 plantas
1069 2678 1140 2728 non
1166 2656 1242 2727 dari
1265 2678 1390 2749 corpus

292 2849 294 2853 ,
319 2773 412 2866 quod
437 2749 634 2843 naturalem
660 2769 896 2863 operationem
919 2767 992 2840 edit
998 2791 1009 2859 3
1034 2769 1094 2842 sed
1118 2769 1235 2841 omnia
1256 2771 1389 2842 moveri

320 2890 403 2982 quia
419 2887 463 2957 ab
481 2885 551 2957 alio
571 2890 770 2972 moventur,
788 2890 824 2955 et
840 2882 930 2954 nihil
953 2883 1087 2956 moveri
1110 2907 1132 2956 a
1159 2891 1286 2956 natura
1312 2883 1385 2958 sut.

320 2997 423 3070 Unde
450 2996 621 3092 sequitur,
653 2983 774 3067 eontra
801 2997 957 3067 omnium
985 2997 1249 3090 experientium,
1275 3021 1388 3094 neque

321 3112 458 3201 eaelum,
481 3132 596 3203 neque
613 3115 757 3198 terram,
777 3131 891 3203 neque
914 3108 1041 3199 sidera,
1064 3133 1178 3205 neque
1202 3112 1386 3202 elementa,

321 3248 435 3320 neque
453 3223 649 3316 mineralia,
675 3223 861 3319 quiequam
881 3223 1090 3296 naturaliter
1112 3247 1227 3318 agere.
1252 3227 1387 3299 Durum

321 3337 475 3434 profeotb
489 3339 634 3427 dictum,
652 3345 726 3408 tam
740 3344 890 3425 vastam,
903 3337 973 3408 imb
985 3338 1095 3410 multb
1108 3337 1295 3412 maximam
1310 3340 1390 3412 uni·

322 3453 416 3525 versi
435 3458 572 3547 partem
596 3452 691 3523 omni
713 3451 866 3524 naturali
887 3452 1023 3524 actione
1051 3451 1196 3547 privari.
1221 3455 1389 3536 Attamen

321 3567 446 3638 horum
460 3564 666 3650 accidentia,
689 3588 753 3638 nec
775 3589 845 3637 non
872 3565 993 3638 formae
1013 3566 1222 3658 materiales,
1248 3591 1390 3662 operan-

322 3688 394 3753 tur.
411 3681 535 3754 Nonne
559 3687 661 3774 turpe
685 3687 751 3768 est,
768 3679 956 3752 nobiliores
979 3681 1134 3754 actiones
1151 3682 1390 3756 accidentibus

323 3804 360 3868 et
371 3794 504 3886 formis,
521 3817 600 3890 quae
613 3818 676 3890 per
689 3794 933 3876 inhaerentiam
948 3803 1087 3868 tantum
1102 3804 1196 3887 sunt,
1221 3797 1388 3890 tribuere,

324 3932 428 4007 quam
439 3909 645 3981 substantiis
655 3932 695 3980 ea
706 3908 1049 3982 sustentantibusi...
1065 3911 1263 4005 Operantur
1271 3913 1391 4009 itaque

323 4007 457 4094 virtute
475 4019 623 4113 subjecti
636 4045 656 4092 a
671 4044 738 4115 quo
753 4029 1038 4096 sustentantur...
1058 4025 1134 4098 Hoc
1148 4049 1211 4120 ego
1234 4049 1303 4099 non
1320 4028 1390 4121 pri-

359 4276 366 4309 ¹
386 4275 555 4324 transeunter
565 4275 671 4325 actiones
683 4275 760 4325 nullas
772 4276 898 4325 admittere
909 4275 1050 4326 leibnitium
1059 4277 1117 4327 salis
1130 4283 1231 4328 constal.
