3156 5232
733 633 915 701 -128-

332 762 418 840 Inde
433 765 477 841 de
492 767 567 839 rita
585 766 749 861 organica
768 788 829 839 seu
846 762 985 861 proprie
1007 761 1103 836 dicta
1125 760 1229 857 paulo
1251 757 1355 834 aliter

288 883 458 955 rationem
478 883 642 955 reddunt.
664 879 837 954 Glissonio
852 881 944 954 enim
966 877 1119 966 videtur,
1134 877 1246 972 ipsam
1261 874 1355 948 fetus

287 996 520 1096 substantiam
534 1019 664 1090 organa
679 995 840 1085 formare,
860 996 933 1068 sola
955 991 1178 1088 perceptione
1199 988 1354 1062 naturali

288 1113 470 1200 directam,
489 1133 613 1204 nempe
633 1109 713 1182 idea
727 1110 839 1182 futuri
853 1109 1006 1204 corporis
1019 1106 1188 1201 organici,
1202 1103 1295 1200 quod
1320 1111 1357 1176 et

288 1233 410 1320 sponte
427 1225 540 1296 facere
558 1225 761 1318 aggreditur
775 1232 811 1297 et
828 1224 960 1297 factum
985 1229 1113 1294 servat.
1141 1220 1222 1292 Vim
1246 1218 1358 1312 igitur

287 1337 467 1432 plasticam
483 1335 569 1409 adeo
584 1359 654 1409 non
667 1337 703 1409 in
718 1336 830 1408 forma
849 1337 982 1431 plantae
1004 1336 1063 1407 vel
1086 1334 1246 1407 animalis
1264 1332 1355 1428 posi·

287 1463 360 1523 tam
382 1474 468 1540 esse,
493 1456 536 1524 ut
556 1453 631 1547 ipsa
652 1453 728 1524 haec
750 1451 861 1525 forma
885 1474 950 1524 nec
969 1451 1069 1522 vivat
1088 1471 1149 1544 per
1170 1471 1219 1539 se,
1243 1469 1356 1543 neque

289 1567 418 1660 absque
432 1564 589 1637 materiae
602 1564 805 1638 fulcimento
820 1566 1001 1654 subsistat,
1018 1565 1078 1636 sed
1092 1557 1220 1636 'contra
1238 1585 1260 1634 a
1284 1583 1355 1633 ma-

287 1678 376 1752 teria
386 1679 526 1753 abintus
535 1686 700 1774 operante
709 1676 1353 1774 quasigignatur,cujusimmanentem

289 1794 398 1864 vitam
423 1799 562 1864 tantum
587 1792 776 1864 modificat.
805 1792 970 1863 Animam
994 1791 1114 1886 itaque
1136 1790 1355 1862 materialem-

289 1904 538 1998 (vegetativam
565 1905 699 1977 scilicet
716 1911 822 1998 atque
845 1904 1042 1994 animalem)
1068 1903 1158 1976 nihil
1180 1925 1255 1976 esse
1284 1901 1353 1974 nisi

287 2021 382 2091 vivae
394 2019 551 2091 materiae
566 2046 582 2086 o
596 2020 749 2107 modum,
768 2049 785 2085 o
798 2018 1006 2090 substantiae
1019 2016 1239 2114 perceptione
1252 2016 1353 2111 quasi

286 2157 512 2229 praesensum,
525 2141 561 2207 et
569 2135 731 2229 appetitu
739 2142 909 2229 optatum,
923 2142 959 2207 et
970 2135 1007 2207 in
1018 2136 1136 2207 eadem
1152 2134 1253 2208 «vim
1263 2135 1354 2228 plas-

285 2251 392 2321 ticam
427 2249 713 2322 exsuscitantem.
742 2277 759 2316 o
788 2248 953 2321 Animam
974 2248 1112 2322 demum
1146 2248 1352 2321 rationalem

286 2387 346 2456 per
360 2385 397 2435 se
412 2371 447 2434 et
460 2362 648 2435 subsistere
663 2371 700 2435 et
714 2361 835 2435 vivere
849 2370 897 2452 et,
917 2385 1024 2456 quum
1037 2363 1075 2434 in
1088 2363 1275 2435 formatum
1290 2385 1352 2457 pa-

286 2484 471 2570 ratumque
483 2500 606 2571 corpus
629 2477 845 2571 supervenit,
869 2477 955 2548 vitae
977 2478 1131 2550 naturali
1154 2476 1287 2573 aliquid
1310 2476 1354 2548 de

287 2615 349 2662 suo
360 2590 500 2679 addere,
512 2614 720 2684 organorum
735 2591 889 2685 regimen
903 2591 1088 2686 suscipere.
1103 2633 1143 2645 -
1157 2591 1354 2665 Leibnitius
1447 2619 1451 2626 ·

287 2706 370 2776 vert
385 2705 467 2777 vivo
482 2704 628 2778 cuilibet
644 2705 778 2800 corpori
795 2729 893 2778 suam
910 2710 1159 2779 dominatricem
1180 2710 1353 2779 monadem

287 2820 448 2912 largitur,
467 2842 546 2914 quae
561 2819 657 2890 illius
671 2819 717 2890 sit
738 2848 756 2885 «
779 2818 960 2892 vinculum
974 2822 1222 2908 substantiale;
1237 2849 1254 2888 o
1272 2822 1350 2892 ani·

286 2933 369 3004 mali
391 2940 484 3005 certe
504 2933 656 3005 animam
681 2934 808 3005 tribuit
831 2934 1048 3026 sensitivam,
1071 2935 1187 3007 anima
1211 2933 1351 3030 quidem

286 3045 450 3117 rationali
463 3046 675 3134 inferiorem,
693 3047 754 3118 sed
768 3047 872 3119 nudis
886 3070 1007 3120 rursus
1021 3048 1227 3121 monadibus
1249 3049 1352 3143 longe
1426 3112 1429 3116 .

286 3161 562 3252 eminentiorem,
579 3185 648 3234 non
664 3162 912 3236 subsistentem
925 3162 1026 3236 modo
1042 3187 1104 3259 per
1122 3187 1158 3236 se
1173 3187 1214 3237 ac
1226 3163 1353 3236 vivon·
1397 3203 1398 3208 =

285 3282 369 3364 tem,
386 3275 448 3348 sed
460 3275 599 3348 easdem
612 3275 650 3345 in
667 3275 741 3366 illo,
755 3283 861 3370 atque
877 3284 1029 3350 mentem
1045 3277 1082 3349 in
1102 3277 1254 3367 homine,
1270 3301 1350 3372 par-

284 3395 339 3460 tes
354 3396 544 3481 gerentem.
564 3389 631 3462 Sed
651 3412 696 3461 ne
716 3397 869 3462 mentem
893 3392 1034 3485 quidem
1052 3393 1239 3464 humanam
1262 3392 1352 3463 acci·

284 3525 366 3597 pere
380 3502 604 3596 quidquama
620 3525 761 3596 corpore
776 3505 1000 3599 externisque
1026 3508 1141 3597 rebus,
1163 3530 1232 3578 neu
1255 3507 1353 3600 quid-

287 3641 389 3712 quam
414 3617 507 3688 foras
521 3616 666 3690 efficere.
690 3618 776 3690 Suos
799 3618 909 3711 igitur
930 3619 1102 3712 organicis
1126 3622 1260 3694 cunctis
1282 3645 1351 3693 non

286 3731 388 3804 modo
405 3731 604 3826 corporibus
623 3731 684 3803 sed
706 3738 741 3802 et
758 3732 948 3805 seminibus
973 3735 1087 3807 inesse
1106 3736 1253 3827 animas,
1275 3759 1354 3832 quae

287 3849 368 3919 aliae
376 3870 419 3919 ex
430 3846 521 3934 aliis,
533 3854 573 3916 ut
582 3846 974 3940 corporaecorporibus‚
985 3849 1193 3934 educuntur,
1205 3873 1354 3946 quaeque

287 3961 436 4054 singulae
452 3981 605 4031 seorsum
624 3967 735 4031 totam
760 3988 777 4026 c<
802 3982 943 4032 suarum
967 3963 1207 4057 operationum
1228 3966 1350 4037 seriem

288 4077 469 4162 evolvunt,
494 4103 511 4140 o
538 4082 641 4167 prout
663 4074 728 4145 hoc
750 4081 813 4145 aut
835 4075 925 4146 illud
945 4075 982 4147 in
1004 4078 1204 4171 corporibus
1219 4081 1350 4171 evenit,

288 4189 414 4281 quibus
426 4188 591 4280 praesides
606 4186 755 4259 addictae
769 4198 863 4259 suut.

333 4301 425 4389 Quid
438 4309 491 4374 est
504 4310 693 4374 curcetera
708 4302 765 4374 hic
787 4304 992 4396 singillatim
1017 4328 1199 4401 exsequar,
1225 4309 1353 4402 quibus
