3196 5228
805 627 964 687 ..44-

355 755 596 849 organioarum
610 754 813 847 praesidet.»
829 753 915 825 Haec
930 762 982 826 est
997 754 1239 848 Chymicorum
1254 762 1417 846 Arcboeas,

353 869 430 942 haec
458 868 680 964 Hippocratis
706 882 833 939 omaro
861 873 1052 939 morborum
1081 875 1236 942 curatrice
1256 902 1266 943 :
1286 874 1420 948 scilicet

355 1013 373 1049 «
389 983 473 1056 Vita
499 983 654 1056 materiae
673 982 724 1054 sic
748 981 954 1076 simpliciter
980 982 1177 1057 modificata
1195 1009 1250 1060 res
1267 995 1320 1060 est
1339 1011 1419 1082 quae

352 1099 546 1170 naturalem
572 1097 856 1169 constitutionem
871 1095 980 1169 totius
995 1104 1031 1168 ct
1046 1099 1197 1191 partium
1214 1101 1317 1196 regit.
1331 1105 1418 1178 Haec

352 1211 479 1283 vitiata
493 1233 622 1304 organa
636 1218 786 1305 reparat,
803 1211 934 1282 solutas
948 1210 1197 1286 continuitates
1210 1216 1414 1304 consolidat,

351 1332 571 1398 excrementa
590 1332 626 1397 et
641 1325 783 1396 inutilia
803 1324 971 1410 excernit,
987 1346 1028 1396 ea
1043 1347 1123 1417 quae
1142 1327 1332 1399 secundum
1352 1353 1416 1398 ne-

349 1447 465 1511 turam
475 1447 570 1527 sunt,
589 1446 758 1535 quantum
771 1438 810 1509 in
822 1460 859 1510 se
870 1445 935 1528 est,
951 1446 1177 1511 conservat.»
1198 1439 1286 1526 Quae
1302 1443 1415 1514 omnia

350 1556 425 1627 vita
449 1554 620 1626 naturalis
635 1577 697 1626 sua
712 1553 946 1647 perceptione,
963 1553 1122 1647 appetitu
1136 1561 1171 1626 et
1187 1563 1283 1626 motu
1310 1565 1413 1628 natu-

348 1672 480 1743 ralibus
505 1670 654 1743 conficit.
682 1671 807 1742 «Tota
833 1670 926 1741 enim
949 1671 1123 1764 perceptio
1147 1673 1318 1744 naturalis
1345 1696 1414 1744 non

351 1787 400 1879 [in
423 1786 633 1858 animalibus
658 1784 827 1877 formatis]
853 1784 1003 1857 vertitur
1016 1785 1054 1856 in
1069 1809 1220 1877 sensum,
1237 1789 1319 1881 quia
1332 1811 1412 1860 ner-

345 1924 411 1972 vus
437 1923 513 1973 eam
534 1899 738 1971 adsensum
763 1921 979 1971 communem
1002 1921 1063 1970 seu
1079 1900 1257 1972 cerebrum
1280 1901 1414 1973 deferre

345 2025 508 2112 nequeat.
521 2017 613 2089 Hinc
626 2017 828 2111 frequenter
839 2016 978 2104 accidit,
992 2039 1072 2109 quae
1089 2017 1248 2090 sensibus
1261 2019 1412 2112 placent,

346 2130 492 2204 Archaeo
518 2130 726 2224 displiceant
750 2137 786 2202 et
809 2131 915 2201 noxia
937 2131 1008 2200 sint
1028 2153 1037 2200 :
1058 2138 1099 2201 ut
1121 2131 1223 2203 multi
1249 2132 1330 2218 cibi,
1354 2134 1415 2224 qui

346 2246 502 2317 arrident
522 2246 651 2339 palato,
673 2245 717 2316 ad
733 2246 919 2316 sanitatem
942 2267 1010 2314 non
1029 2245 1240 2317 conducunt.
1261 2272 1278 2310 a
1296 2247 1411 2339 (518.)

387 2360 506 2432 Habes
523 2387 541 2424 «
559 2381 699 2453 scopum
726 2358 893 2447 authoris,
911 2387 929 2422 »
947 2381 1145 2452 rerumque,
1162 2381 1247 2453 quas
1262 2361 1414 2454 pressius

337 2477 411 2568 jam
432 2480 659 2546 exsecuturus
679 2481 743 2562 est,
760 2495 941 2554 summam,
957 2474 1103 2567 abipso,
1120 2497 1190 2546 uno
1204 2482 1338 2562 tenore,
1352 2476 1407 2546 in-

341 2591 503 2661 dicatam.
528 2588 605 2661 Hoc
629 2588 727 2682 quasi
751 2587 918 2660 Ariadnae
942 2587 1000 2658 filo
1022 2587 1160 2678 ductus,
1181 2589 1218 2659 in
1234 2589 1407 2682 Labyrin-

339 2704 440 2775 thum
460 2701 596 2795 ingredi
616 2698 690 2792 jam
713 2708 822 2794 potes,
839 2707 876 2772 et
895 2707 931 2772 te
949 2700 1158 2774 Tnacrsuus
1181 2701 1331 2774 flexibus
1355 2705 1409 2775 la-

342 2817 509 2912 queisque
523 2815 699 2909 expedire.
719 2816 821 2886 Unde
834 2814 995 2909 equidem
1015 2837 1056 2886 ea
1069 2822 1209 2888 tantum
1232 2818 1406 2910 colligam,

342 2953 422 3026 quae
437 2929 481 3000 ad
494 2926 660 3002 Glissonii
675 2928 881 3016 doctrinam,
901 2926 939 2998 in
959 2935 1129 3023 quantum
1144 2951 1224 3000 cum
1239 2931 1408 3003 Leibnitii

340 3043 479 3138 placitis
509 3041 717 3114 conferenda
744 3048 809 3129 est,
827 3041 1066 3134 complendam
1092 3041 1409 3139 illustrandamque

339 3156 526 3250 plurimum
542 3155 689 3228 faciunt.
707 3154 823 3239 Quum
837 3153 930 3226 enim
945 3157 1119 3247 permulta
1139 3156 1308 3228 edisserat
1325 3181 1406 3229 nos·

338 3278 393 3344 ter
406 3271 558 3343 scholam
572 3271 650 3366 plus
666 3292 766 3364 aequo
783 3267 987 3356 redolentia,
1004 3268 1141 3362 integra
1160 3271 1320 3363 quaedam
1332 3272 1409 3343 lon-

338 3408 451 3479 gaque
474 3387 589 3480 capita
611 3385 752 3455 volvere
773 3388 912 3453 tantum
936 3390 972 3454 et
989 3405 1059 3453 uno
1079 3384 1179 3476 quasi
1195 3386 1300 3456 verbo
1312 3399 1407 3458 ‘con-

337 3501 476 3572 trahere
499 3499 584 3578 satis
603 3498 682 3588 erit,
708 3520 853 3591 quorum
879 3495 985 3568 etiam
1006 3499 1176 3570 nonnulla
1191 3521 1260 3570 non
1275 3499 1406 3572 incom-

339 3611 806 3707 modepraetermittantur¹.
1315 3610 1319 3616 ’

370 3817 377 3850 ⁴
398 3814 466 3878 Quod
488 3816 538 3880 ipae
556 3816 626 3882 plane
639 3815 673 3866 sic
687 3814 834 3866 confitetur:
850 3828 865 3864 (ι
877 3814 929 3866 lloc
939 3815 1127 3879 capnt‚(scilicet
1139 3817 1204 3882 xm),
1216 3818 1290 3882 justae
1301 3813 1409 3870 methodi

336 3898 390 3962 lege
402 3895 490 3947 calcem
504 3897 580 3960 quinti
595 3897 679 3961 capitis
691 3895 828 3947 immediate
838 3896 968 3961 exciperet.
981 3895 1073 3946 Verum
1087 3903 1178 3960 septem
1198 3897 1245 3948 alia
1257 3901 1365 3962 capita...
1382 3914 1408 3951 se

337 3977 409 4028 nimie
426 3976 528 4028 torhere
544 3979 680 4040 importune
700 3978 896 4040 interposuerunt
910 3989 917 4027 :
932 3977 992 4027 adeo
1005 3983 1032 4027 ut
1044 3977 1090 4028 hoc
1104 3985 1176 4043 caput
1188 3985 1255 4030 ιιιῑι
1269 3980 1408 4046 intercape-

336 4056 390 4108 dine
408 4056 438 4108 de
451 4071 493 4108 sua
507 4060 604 4124 propria
615 4061 671 4110 sede
681 4057 832 4109 deturbetur.
846 4071 861 4109 ιι
874 4057 933 4122 Cap.
950 4071 1003 4123 ιιιι,
1018 4071 1041 4122 p.
1057 4057 1110 4109 186.
