3196 5228
777 589 937 652 ,61-

327 713 514 786 secundam
528 739 548 786 a
560 714 710 787 formata
722 716 908 811 distinguit
913 741 924 808 3
941 718 1002 789 sed
1015 716 1105 789 hano
1118 718 1176 788 vel
1193 715 1292 789 illam
1315 737 1389 786 ma·

327 829 380 920 gis
395 829 547 923 respicit,
566 838 669 925 prout
693 853 813 926 scopus
833 833 1017 904 sententiae
1038 831 1081 902 ad
1105 831 1196 902 hanc
1212 831 1269 902 vel
1291 830 1388 900 illam

326 940 539 1016 innuendam
558 945 668 1050 magis
693 945 868 1038 dirigitur.
892 946 983 1030 Vlll,
1005 947 1058 1017 ll.
1075 974 1092 1012 a
1113 947 1230 1040 Atque
1247 945 1323 1016 haec
1347 945 1390 1016 de

326 1057 485 1131 Materia.

365 1229 493 1327 'Forma
511 1283 528 1322 c
544 1256 715 1328 dividitur
728 1257 766 1329 in
786 1257 1049 1330 immaterialem
1070 1265 1106 1330 et
1124 1259 1350 1330 materialem.
1367 1286 1383 1322 1

325 1369 377 1441 De
391 1371 457 1441 hac
468 1371 682 1445 solummodo
697 1372 755 1443 hic
770 1374 898 1466 agitur.
917 1371 1148 1466 «Philosophi
1169 1372 1241 1446 ferd
1263 1371 1323 1467 qui
1346 1371 1390 1442 de

324 1485 435 1556 forma
447 1486 591 1580 physica
604 1487 817 1582 scripserunt
830 1487 997 1560 videntur
1007 1487 1222 1582 paradigma,
1233 1486 1277 1558 ad
1292 1485 1391 1578 cujus

325 1599 558 1674 imitationem
579 1625 655 1675 eam
679 1603 889 1694 describant,
905 1606 948 1674 ah
963 1604 1079 1675 anima
1101 1601 1265 1674 rationali
1285 1604 1391 1673 desu-

325 1736 431 1786 mere.
447 1713 510 1806 IX,
529 1717 545 1787 l
567 1719 621 1786 ¹...
643 1744 695 1783 a«
712 1715 912 1789 Praemoneo
933 1717 1044 1812 igitur
1063 1740 1125 1811 per
1137 1715 1283 1788 formam
1299 1715 1390 1808 phy·

325 1827 432 1900 sicam
455 1853 509 1901 me
533 1853 602 1901 non
625 1831 820 1924 intelligere
838 1833 1069 1905 substantiam
1089 1830 1241 1924 aliquam
1266 1828 1391 1900 funda·

324 1943 471 2014 mentali
482 1944 679 2016 substantia
688 1945 885 2038 praeditam,
896 1968 1008 2039 neque
1020 1945 1161 2038 quidem
1176 1943 1392 2037 nudampro·

324 2057 520 2151 prietatem,
531 2059 766 2130 multominus
776 2059 935 2131 accidens
946 2081 1145 2130 commune:
1159 2055 1219 2129 sed
1229 2063 1389 2128 naturam

324 2172 510 2264 quamdam
524 2173 757 2265 energeticam
771 2179 907 2242 naturae
921 2170 1078 2243 materiae
1096 2171 1218 2264 primae
1239 2169 1392 2242 additio·

324 2285 451 2369 nalem,
470 2309 613 2380 eamque
633 2287 677 2357 ad
692 2294 821 2359 certam
833 2288 946 2380 legem
961 2309 1185 2380 normamque
1200 2283 1336 2357 essendi
1355 2293 1391 2355 et

325 2399 490 2493 operandi
510 2398 810 2483 determinantem,
832 2407 869 2472 et
886 2423 931 2472 111
945 2408 1045 2494 parte
1060 2407 1196 2471 naturae
1213 2398 1387 2492 complen-

324 2519 408 2584 tem.
431 2511 494 2599 IX,
513 2511 604 2584 2²...
631 2540 649 2580 a
675 2543 692 2580 «
715 2514 781 2586 Per
806 2515 953 2585 formam
977 2514 1156 2609 physicam
1179 2512 1269 2583 nihil
1292 2511 1389 2582 aliud

323 2625 496 2720 intelligo,
515 2628 583 2698 nisi
608 2635 768 2699 naturam
791 2629 948 2699 materiae
975 2627 1220 2701 mutabilem...
1243 2625 1389 2697 materia

323 2746 453 2830 manet,
471 2749 596 2812 natura
614 2748 782 2812 mutatur.
800 2772 815 2808 a
835 2741 897 2825 IX,
916 2743 979 2814 1...
1004 2741 1127 2812 Forma
1149 2739 1294 2836 physica
1317 2761 1387 2810 non

324 2863 377 2928 est
389 2855 526 2951 proprie
541 2855 635 2928 diota
647 2856 854 2941 substantia,
872 2856 944 2945 sed,
960 2857 1211 2945 rudimentum,
1223 2878 1285 2927 seu
1295 2878 1388 2927 com·

323 2971 536 3064 plementum
551 2971 798 3041 substantiae...
815 2968 952 3055 Quaerit
975 2967 1168 3061 subjectum
1185 2971 1221 3040 in
1245 2993 1314 3063 quc
1332 2969 1389 3040 iu·

322 3085 456 3156 haereat
486 3090 523 3157 et
547 3092 804 3156 sustentetur...
835 3107 962 3155 novam
992 3107 1074 3156 vero
1103 3083 1204 3155 affert
1227 3093 1388 3156 naturam

323 3199 568 3292 energeticam,
589 3204 625 3271 11
650 3199 832 3270 materiam
855 3196 898 3269 ad
922 3197 1070 3292 speciem
1085 3200 1291 3292 completam
1306 3221 1388 3270 con·

322 3313 442 3384 trahit.
472 3313 612 3386 Dicitur
640 3320 757 3385 autem
787 3313 1038 3401 substantialis,
1072 3313 1154 3408 quia
1190 3321 1244 3386 est
1276 3311 1389 3408 prima

323 3428 460 3501 affectio
475 3452 536 3501 seu
560 3435 686 3500 natura
710 3428 933 3507 additionalis
956 3428 1156 3500 immediate
1179 3429 1217 3499 in
1242 3427 1390 3500 materia

322 3543 494 3634 radicata3
522 3566 645 3637 nempe
673 3542 797 3614 intim'e
822 3541 997 3614 inhaerens
1024 3542 1060 3613 in
1085 3541 1161 3638 ipsa
1189 3540 1263 3635 ejus
1289 3542 1390 3614 subs·

322 3658 449 3745 tantia,
467 3687 485 3724 »
508 3681 585 3729 cum
600 3678 668 3751 qua
687 3640 870 3727 constituit
885 3657 1110 3750 compositum
1129 3656 1324 3751 physicum.
1345 3680 1389 3708 -‘-

322 3769 385 3862 11,
401 3773 474 3844 aa.

354 3951 363 3986 ⁴
383 3952 420 4004 Gl.
434 3953 518 4004 Leibn.
532 3957 600 4019 Syn.
611 3969 697 4016 aona,
711 3969 746 4019 111,
761 3955 855 4017 urum„
867 3971 890 4021 p.
906 3953 966 4008 126:
981 3972 995 4005 n
1009 3967 1053 4022 par
1067 3957 1088 4007 11
1100 3967 1185 4020 moyen
1197 3951 1227 4006 de
1242 3951 1265 4006 la
1285 3953 1360 4006 lorme
1374 3952 1390 4005 ll

322 4045 344 4162 ἒ
355 4046 374 4162 a!
382 4048 428 4086 une
445 4035 561 4087 1111111111
580 4037 645 4086 111111
663 4037 703 4102 qul
722 4036 813 4102 rtpond
834 4036 848 4084 1
867 4051 894 4087 11
911 4035 983 4101 qu’on
996 4036 1088 4103 appelle
1100 4038 1153 4088 moi
1165 4053 1195 4090 11
1208 4051 1277 4088 nous.
1292 4052 1306 4088 n
1319 4036 1390 4100 llam,

346 4127 360 4162 1
377 4128 421 4179 m,
433 4131 457 4182 p.
471 4115 523 4168 147.

355 4193 367 4229 ²
383 4196 421 4246 Cl.
440 4197 524 4247 Lelbn.
543 4199 667 4250 11111111
680 4199 708 4248 P.
724 4199 825 4250 Boavet.
844 4197 938 4259 urum,
957 4214 980 4264 p.
996 4199 1049 4261 ue,
1065 4199 1111 4251 eol.
1129 4199 1151 4252 1.
1165 4215 1180 4251 a
1193 4201 1244 4264 Qua
1255 4201 1290 4250 les
1300 4200 1391 4252 formes

325 4276 367 4326 des
377 4278 481 4339 enciens,
492 4292 522 4328 ou
534 4279 687 4339 enttltobles,
698 4294 730 4329 111
744 4288 798 4329 sont
807 4285 877 4328 autre
889 4280 960 4330 chose
974 4295 1020 4344 que
1033 4281 1067 4332 les
1080 4280 1188 4334 loreas...
1201 4297 1214 4332 n
