3196 5228
212 2107 252 2159 De
267 2105 403 2158 Glisecnio
416 2107 446 2156 ut
459 2104 575 2156 medico.
595 2102 818 2156 ‹Inritabilitatis
838 2102 962 2155 doctrina
979 2117 995 2153 a
1015 2102 1087 2166 apud
1105 2101 1279 2154 Gliesonium.

256 2417 299 2488 In
323 2415 388 2486 hoc
411 2414 636 2487 consentiunt
660 2413 871 2508 quicunque,
896 2413 1078 2486 medicinae
1101 2412 1218 2507 periti,
1241 2413 1286 2485 dc

215 2528 388 2615 Glisscnio
412 2534 453 2600 ut
471 2527 604 2599 medico
619 2526 792 2618 judicium
818 2527 989 2616 fecerunt,
1016 2526 1116 2598 illum
1148 2527 1285 2599 Alberti

214 2645 337 2716 Heller
350 2665 597 2736 praecursorem
607 2685 610 2692 ·
620 2643 659 2713 in
672 2665 712 2713 eo
726 2641 801 2735 ipso
816 2641 938 2726 fuisse,
962 2642 1056 2714 unde
1075 2642 1285 2735 precipuum

214 2757 271 2830 hic
286 2757 353 2829 sibi
367 2757 505 2839 laudem
520 2755 695 2849 pepererit
701 2779 712 2844 3
740 2754 891 2848 primum
907 2755 1041 2828 scilicet
1057 2754 1211 2829 omnium
1227 2778 1284 2827 ce-

214 2871 433 2944 leberrimam
451 2899 468 2940 c
481 2869 731 2943 irritabilitetis
748 2869 941 2947 doctrinam
958 2895 975 2936 a
991 2869 1183 2954 inchoasse.
1199 2870 1286 2971 Rem
1317 2899 1346 2966 ,ν

214 3008 298 3058 vero
312 3007 374 3078 per
395 3007 449 3056 me
475 2984 646 3055 estimare
670 3006 777 3076 quum
801 3005 870 3064 non
897 2982 982 3054 satis
1004 3005 1141 3076 queem,
1169 2983 1288 3075 potius

215 3101 330 3171 visum
345 3105 399 3176 ast
413 3099 566 3191 ipsorum
582 3097 805 3176 medicorum,
829 3103 934 3190 atque
948 3096 1057 3190 ipsius
1072 3101 1154 3167 ante
1168 3119 1286 3168 omnes

215 3215 349 3298 Heller,
371 3215 477 3285 verba
491 3212 633 3301 referre,
648 3212 732 3306 quid
745 3211 950 3294 incrementi
968 3209 1149 3282 medicinae
1171 3219 1289 3289 noster.

216 3328 376 3418 attulerit
388 3329 646 3422 proclamantis
764 3401 767 3408 ,

144 3519 148 3533 ,
225 3529 228 3546 ι
262 3442 383 3514 Halter
398 3441 518 3535 igitur,
534 3441 572 3513 in
590 3464 652 3514 sua
666 3446 865 3512 Bibliotheca
881 3446 1070 3512 cnctantcc
1084 3443 1093 3480 ¹
1107 3439 1289 3536 deprofes·

217 3581 306 3642 sore‚
324 3562 365 3628 ut
378 3555 441 3643 ait,
457 3555 737 3649 cantabrigiensi
752 3555 803 3628 ita
812 3554 970 3646 judicat:
994 3585 1011 3622 «
1027 3555 1092 3628 Vir
1108 3555 1292 3648 profunda

217 3669 470 3758 meditationis
486 3667 687 3763 multiplici,
712 3676 838 3762 praeter
862 3668 1095 3740 anatomicam
1119 3668 1291 3762 cognitio·

217 3807 312 3872 nem,
330 3782 434 3856 laude
448 3782 667 3877 conspicuus,
684 3805 754 3854 non
772 3782 913 3876 quidem
935 3782 1051 3875 ampla
1071 3780 1292 3856 dissecando-

216 3923 295 3972 rum
329 3900 537 3971 cadaverum
566 3899 824 3992 opportunitate
850 3898 1055 3987 instructoe,
1080 3896 1133 3987 ea,
1161 3919 1239 3991 quae
1261 3898 1293 3970 ei

220 4021 413 4109 supererat,
429 4013 593 4085 *sollicite
617 4036 701 4084 usus
724 4019 790 4102 est,
812 4020 853 4084 ut
880 4012 1059 4085 tamenin
1084 4011 1294 4106 hypotheses

216 4151 348 4222 pronus
363 4135 465 4199 esset.
486 4155 503 4192 »
522 4167 566 4180 --
580 4128 668 4198 Tum
684 4127 779 4198 illius
792 4151 897 4221 opera
907 4126 1041 4200 medica
1055 4125 1175 4200 ordine
1190 4124 1294 4220 dispi-

251 4307 259 4341 ¹
277 4305 351 4359 trel.
369 4306 431 4371 ic-t,
441 4305 535 4372 Tiguri,
547 4319 701 4369 nnccuxmv3
716 4311 734 4358 t.
746 4307 763 4370 Ι,
777 4321 798 4371 p:
816 4305 871 4358 itt.
