3196 5228
598 577 756 640 ..49-

148 704 247 792 Quod
263 707 366 779 valde
381 705 568 778 absurdum
578 729 652 778 esse
665 729 765 777 nemo
778 728 848 777 non
865 705 1122 799 videat-quum
1135 727 1211 798 per·

149 820 316 894 sonalitas
351 820 613 893 «nobilissima
643 819 772 892 entitas
800 818 847 891 sit
875 825 911 891 et
940 817 1093 890 maxime
1122 820 1215 912 posi·

146 927 239 1006 ilva.¹
252 964 270 1001 ))

191 1047 332 1121 Scilicet
346 1047 497 1121 multum
513 1050 612 1120 abest
627 1055 669 1119 ut
681 1051 795 1120 status
811 1046 958 1130 divisus,
980 1046 1083 1120 «sive
1091 1043 1215 1117 modus

148 1161 282 1234 essendi
297 1162 333 1234 in
355 1183 391 1233 se
406 1169 442 1234 et
456 1184 519 1257 per
535 1185 571 1234 se
586 1161 728 1233 seorsim
750 1161 953 1254 completus,
975 1184 1093 1256 »pura
1107 1183 1215 1254 nega-

147 1275 196 1343 tio
215 1273 319 1344 sit...
340 1301 357 1340 ι(
371 1265 435 1344 Est
448 1274 588 1368 negatio
602 1271 807 1367 perfectiva,
825 1295 917 1367 quae,
938 1273 975 1343 in
990 1295 1040 1359 re,
1057 1270 1216 1365 implicat

146 1387 293 1459 formam
306 1387 492 1481 positivam
511 1387 550 1458 in
571 1409 640 1480 qua
655 1386 835 1458 fundatur.
856 1415 873 1451 »
889 1385 952 1477 IV,
968 1386 1003 1458 2.
1021 1427 1064 1440 -
1081 1385 1216 1458 Natura

147 1501 252 1590 enim,
269 1525 337 1596 qua
357 1510 495 1591 natura,
518 1529 535 1566 «
559 1501 672 1570 adhuc
691 1499 838 1594 quodam
859 1500 960 1570 modo
981 1499 1214 1571 communica-

147 1616 226 1687 bilis
241 1623 294 1687 est
309 1643 326 1681 »
346 1614 461 1701 Quum
476 1638 558 1687 vero
571 1623 697 1686 natura
716 1645 731 1680 α
747 1616 811 1687 uni
819 1615 1058 1708 restringitur,
1078 1635 1215 1709 »quum

147 1727 372 1802 subsistentia
392 1727 666 1802 fundamentalis
684 1731 716 1820 (a
735 1752 803 1824 qua
826 1739 954 1802 natura
974 1729 1216 1802 substantialis

147 1865 215 1914 non
241 1844 384 1917 realiter
407 1843 535 1938 differt)
561 1868 597 1916 se
613 1843 781 1916 terminat
798 1852 834 1916 et
854 1845 1016 1938 complet,
1034 1853 1069 1916 et
1084 1850 1215 1915 statum

148 1957 284 2028 essendi
298 1981 361 2054 per
376 1982 412 2030 se
426 1959 568 2030 seorsim
591 1959 801 2052 completum
816 1958 968 2048 affectat,
985 1966 1062 2030 tum
1077 1958 1216 2030 demum

147 2073 364 2168 suppositum
373 2071 426 2162 tit,
439 2072 538 2165 cujus
545 2073 686 2167 propria
695 2081 748 2144 est
762 2100 779 2140 «
792 2071 1180 2146 incommunicabilitas.
1195 2099 1213 2140 n

145 2185 205 2276 IV,
224 2188 279 2272 ll,
301 2187 355 2259 13.

188 2307 273 2372 Item
301 2301 441 2395 negatio
472 2300 738 2375 sustentationis
769 2303 812 2372 ab
841 2302 913 2372 ulla
943 2302 1011 2372 alia
1043 2310 1215 2392 creatura,

145 2416 297 2510 negatio
313 2425 367 2490 est
397 2417 600 2512 perfectiva.
633 2417 803 2512 Equidem
835 2441 954 2489 omnes
986 2425 1157 2490 creaturae
1197 2439 1218 2487 a

145 2531 216 2603 Deo
231 2530 428 2626 dependent
444 2532 644 2604 immediate
662 2538 698 2604 et
714 2538 968 2622 sustentantur,
983 2532 1043 2604 scd
1059 2557 1127 2604 non
1139 2542 1179 2604 ut
1194 2558 1215 2604 a

144 2645 318 2718 materiali
347 2669 463 2735 causa,
499 2646 666 2718 nimirum
696 2669 766 2716 non
795 2646 847 2718 ita
877 2667 918 2717 ut
949 2647 1146 2719 inhaereant
1177 2647 1213 2717 in

145 2757 216 2832 Deo
245 2761 357 2834 veluti
381 2762 419 2833 in
447 2760 614 2852 subjecto.
633 2761 765 2832 Verum
779 2760 874 2832 Deus
889 2769 931 2832 nt
956 2759 1111 2834 efficiens
1141 2768 1214 2832 tam

144 2875 316 2947 materiali
326 2899 432 2970 qnam
439 2875 577 2947 formali
587 2897 701 2946 causae
710 2874 810 2968 quasi
824 2873 1055 2962 subtervcnit,
1066 2882 1103 2947 et
1112 2875 1217 2948 utris·

144 3010 211 3081 que
225 2987 263 3059 in
278 2988 351 3060 suis
365 2988 625 3062 causationibus
639 2998 694 3059 est
712 2987 946 3061 essentialiter
959 2989 1055 3082 prior
1065 2994 1101 3061 et
1114 2987 1216 3083 quasi

146 3099 361 3194 profundior,
387 3103 447 3175 sed
471 3103 540 3174 alio
571 3098 672 3173 modo
703 3103 868 3174 causandi
891 3103 960 3196 (viz
986 3103 1213 3198 perfectione)

144 3225 348 3309 operatur.»
368 3217 429 3300 IV,
448 3215 492 3288 97
510 3219 535 3288 ¹.

187 3331 281 3418 Quot
295 3332 406 3428 igitur
425 3341 461 3406 et
475 3357 555 3428 quae
569 3333 796 3428 requiruntur
818 3334 864 3405 ad
886 3335 1060 3428 integram
1085 3335 1215 3408 consti·

144 3447 317 3519 tutionem
333 3447 529 3541 suppositi?
541 3490 584 3500 -
612 3447 796 3540 «Utpote:
816 3450 848 3535 l,
865 3455 906 3519 ut
921 3449 968 3520 sit
982 3457 1109 3521 natura
1133 3452 1214 3521 sub·

145 3561 340 3632 stantialis:
362 3559 396 3650 2,
416 3567 456 3632 ut
480 3561 526 3632 sit
554 3561 762 3656 singularis;
788 3560 821 3650 3,
842 3569 884 3634 ut
907 3562 955 3634 sit
970 3565 1142 3656 completa
1170 3585 1215 3633 ex

143 3682 240 3768 parte
254 3682 392 3748 naturae
409 3675 447 3746 in
468 3674 585 3770 aliqua
600 3675 713 3768 specie
725 3673 867 3766 infima;
882 3676 915 3766 4,
931 3682 971 3746 ut
992 3677 1040 3748 sit
1060 3675 1160 3747 unita
1177 3675 1214 3745 in

144 3810 201 3878 se;
219 3787 254 3878 5,
270 3795 311 3859 ut
325 3787 372 3859 sit
387 3790 431 3859 ab
444 3789 603 3860 omnibus
617 3788 695 3859 aliis
708 3788 835 3859 divisa.
852 3789 908 3860 Ad
921 3811 1103 3883 personam
1117 3791 1216 3861 insu-

180 4021 187 4053 ·
206 4017 248 4071 Gt.
258 4019 343 4072 Leibn.
357 4021 444 4073 Causa
457 4021 504 4072 Dei
515 4026 625 4084 asserto,
639 4019 677 4084 10,
692 4017 787 4082 Erdm,
798 4033 822 4084 p.
832 4019 888 4072 653.
904 4035 919 4071 α
932 4023 958 4072 ln
970 4021 1063 4085 agendo
1076 4035 1116 4072 res
1127 4021 1217 4085 depen-

146 4101 202 4152 dent
215 4114 230 4150 a
241 4099 302 4164 Deo,
318 4101 376 4152 dum
392 4100 459 4152 boos
471 4090 501 4151 od
513 4113 593 4150 rerum
606 4099 712 4150 actiones
723 4101 855 4165 concurrit,
872 4107 991 4166 quatenus
1006 4101 1070 4152 inest
1082 4101 1217 4152 actionibus

146 4181 239 4248 aliquid
259 4181 424 4247 perfectionis,
444 4195 499 4247 quae
520 4180 604 4244 ntique
623 4193 636 4230 a
658 4179 708 4230 lleo
727 4193 826 4232 manare
846 4181 952 4234 debet.»
964 4211 992 4222 —
1007 4185 1067 4233 Lett.
1081 4183 1098 4232 d
1114 4180 1217 4243 clara,

146 4263 240 4325 linum,
256 4277 281 4328 p.
292 4261 411 4323 tut-777,
424 4264 437 4325 ξ
452 4263 505 4314 112.
516 4289 547 4300 -
558 4263 618 4326 de.
632 4276 684 4312 oua
696 4263 783 4323 οἰήσει.
794 4264 830 4313 du
840 4265 870 4315 P.
885 4266 966 4329 tomi,
979 4279 1002 4328 p.
1015 4265 1069 4324 460,
1083 4262 1165 4314 coll.

232 4376 314 4418 nsum
332 4375 443 4420 aaaron.
1054 4364 1070 4417 l
