3196 5228
805 617 965 684 ..32-

353 749 553 821 munionem
574 770 711 842 quoque
736 772 821 820 voco
841 773 848 820 :
867 774 936 843 qua
955 751 1155 822 insinuatur
1178 746 1335 821 vitalitas
1359 767 1421 820 na·

351 873 443 936 turae
466 863 589 951 unitae,
613 862 689 933 sive
708 870 807 934 actus
830 863 963 953 vitalis,
978 886 1045 958 quo
1065 863 1236 956 quidquid
1256 887 1276 934 a
1295 887 1331 936 se
1351 887 1421 934 non

352 978 524 1050 dividitur
548 975 712 1065 includit,
732 983 768 1049 et
783 977 954 1073 quidquid
970 1001 990 1047 a
1009 1000 1046 1050 se
1061 976 1233 1049 dividitur
1250 977 1422 1067 excludit,

352 1092 487 1188 sibique
508 1091 572 1164 soli
589 1090 731 1164 sufficit.
758 1091 821 1163 Est
839 1100 951 1180 111111,
975 1093 1058 1188 quia
1077 1101 1214 1164 naturae
1228 1092 1431 1190 potentium}

352 1208 426 1280 sive
440 1206 713 1280 indifferentiam
730 1207 774 1278 ad
789 1208 875 1279 alias
889 1215 1033 1279 naturas
1051 1207 1089 1278 in
1115 1208 1316 1280 societatem
1335 1207 1421 1279 vitae
1459 1271 1461 1275 .

352 1346 467 1396 secum
500 1321 689 1392 trahendas
721 1321 932 1392 determinat
958 1328 994 1393 et
1023 1328 1155 1411 actuat,
1193 1320 1348 1416 adeoque
1379 1321 1423 1391 ad

351 1441 481 1508 certam
497 1431 814 1507 individuationem
835 1435 1054 1507 contrahit...
1070 1437 1183 1507 Datur
1196 1459 1277 1530 ergo
1295 1435 1378 1507 conf
1416 1474 1424 1488 ·

352 1548 485 1623 doratio
504 1548 646 1644 duplex,
671 1549 781 1620 altera
800 1550 916 1642 [quam
937 1549 1164 1647 intrinsecam
1188 1551 1301 1640 vocat]
1325 1554 1424 1618 actus

352 1671 417 1753 est,
432 1670 469 1735 et
484 1662 695 1757 principium
713 1661 878 1748 actionis;
902 1659 1012 1734 altera
1034 1665 1150 1758 [quem
1173 1669 1276 1734 vocat
1292 1661 1423 1734 extrin-

351 1777 493 1871 secaml,
510 1776 601 1847 actio
616 1775 691 1870 ipsa
713 1800 734 1846 a
758 1777 932 1870 principio
952 1800 992 1849 eo
1018 1777 1176 1850 oriunda.
1197 1777 1320 1848 Haece
1340 1800 1422 1870 sup-

350 1883 464 1984 posito
485 1891 583 1984 prius
598 1889 768 1984 completo
793 1891 967 1982 provenit,
984 1892 1077 1964 unde
1098 1892 1230 1964 dictum
1249 1893 1393 1983 vulgare
1413 1911 1422 1960 ε

353 2007 500 2076 Actiones
514 2018 590 2074 11111
606 2008 851 2094 suppositorum
869 2006 922 2074 ¹.»
944 2001 1001 2094 (V,
1016 2005 1065 2096 7.)

396 2117 525 2206 Quare,
543 2119 715 2210 integram
738 2114 1027 2212 suppositalitatis
1045 2105 1312 2214 descriptionem
1334 2143 1422 2190 non·

351 2236 434 2306 dum
452 2232 592 2321 babeat,
609 2231 670 2325 qui
683 2232 813 2304 limites
829 2231 1121 2305 individnationis
1138 2235 1267 2306 unione
1284 2243 1423 2305 tantum

351 2355 387 2420 et
399 2345 572 2418 divisione
588 2344 759 2438 praefiniri
772 2345 988 2418 arbitretur:
1010 2376 1027 2412 «
1047 2349 1126 2419 duee
1145 2349 1255 2418 multo
1272 2347 1424 2441 potiores

351 2460 484 2556 regulae
507 2467 695 2533 sumuntur
721 2459 765 2532 ab
784 2460 996 2533 individuali
1020 2470 1101 2532 actu
1122 2461 1425 2542 confoederationis

353 2583 514 2662 naturae,
542 2580 578 2646 et
601 2576 645 2649 ab
668 2573 763 2678 idea
793 2598 863 2668 qua
890 2575 984 2647 idern
1022 2583 1119 2648 actus
1151 2577 1371 2648 informatur.
1403 2607 1422 2646 a

352 2688 499 2780 (1116.)

398 2831 416 2870 «
434 2804 705 2898 Suppositalitas
721 2811 756 2875 et
769 2801 1006 2876 individuatio
1026 2813 1145 2877 manet
1167 2807 1288 2878 eadem
1308 2797 1421 2900 quanss

348 2912 412 2989 diu
431 2917 619 3013 primarius
634 2941 759 3012 scopus
779 2925 877 2988 actus
892 2919 1136 2990 conibederatae
1152 2929 1289 2992 naturae
1305 2927 1425 2990 manet

350 3029 444 3104 idem
468 3054 477 3103 :
504 3040 662 3105 cessante
689 3055 772 3103 vero
800 3031 965 3124 primario
1000 3040 1137 3104 naturae
1166 3056 1281 3128 scopo,
1310 3039 1424 3105 cessat

351 3144 613 3240 suppositalitas
635 3153 673 3217 et
694 3143 932 3216 individuatio
954 3143 1121 3237 ejusdem.
1145 3145 1340 3219 Primarius
1360 3169 1422 3218 na-

349 3264 441 3331 turae
463 3283 586 3356 scopus
599 3259 761 3332 omnibus
775 3261 977 3354 corporibus
1001 3262 1195 3332 communis
1210 3261 1371 3334 consistit
1386 3262 1424 3331 in

350 3376 622 3468 praeservatione
643 3374 866 3468 particularis
880 3372 1015 3464 formae,
1035 3399 1104 3468 qna
1118 3377 1423 3448 constituuntur...

349 3484 392 3558 In
406 3487 608 3583 corporibus
620 3486 845 3572 similaribus
863 3495 990 3558 natura
1004 3488 1237 3560 confoederata
1252 3489 1425 3582 praecipue

351 3599 490 3674 intenta
507 3608 561 3674 est
576 3599 834 3673 conservationi
847 3601 995 3674 unitatis
1018 3602 1195 3696 suiipsius
1209 3603 1246 3673 in
1261 3604 1426 3676 interiore

351 3723 387 3786 et
403 3713 558 3786 maxima
573 3737 647 3786 snae
661 3714 763 3785 molis
784 3723 924 3802 parte...
949 3711 992 3786 In
1015 3717 1214 3810 corporibus
1238 3716 1425 3810 organicis

350 3828 485 3924 primus
500 3851 624 3924 scopus
644 3850 714 3899 non
737 3834 792 3900 est
809 3827 875 3900 hoc
895 3829 953 3900 vel
969 3829 1059 3900 illud
1074 3853 1257 3924 organum,
1274 3832 1334 3904 sed
1350 3831 1427 3900 haec

351 3942 410 4014 vel
426 3936 739 4014 illa'detcrminata
753 3939 917 4012 animalis
932 3942 1020 4029 vita,
1038 3966 1106 4038 qua
1123 3945 1271 4016 durante
1294 3943 1425 4015 indivi-

351 4055 472 4128 duatio
486 4053 562 4148 ejus
577 4061 771 4150 permanet,
789 4062 948 4128 cessante
961 4057 1132 4128 desinit...
1147 4086 1165 4124 1
1183 4059 1238 4151 (V,
1251 4059 1320 4148 17.)
1389 4143 1392 4148 ,

385 4307 393 4342 l
411 4304 547 4357 (ldbeibu.
562 4305 784 4368 mimecaton,
798 4307 811 4366 ξ
827 4305 850 4354 9.
866 4303 959 4368 listro„
975 4320 998 4369 p.
1014 4306 1065 4357 157.
