3196 5228
787 606 947 671 ..20-

323 743 332 813 i
338 743 434 838 gitur
457 740 572 836 potuit
585 747 627 813 ut
645 763 724 812 cum
750 740 925 813 Glissonio
947 763 1085 835 quoque
1107 733 1395 830 congrederetur3

325 858 442 935 immo.
458 863 499 927 ut
511 877 591 927 cum
606 853 667 925 illo
682 856 926 926 commercium
940 856 1080 925 omnino
1094 875 1162 923 non
1177 852 1321 922 haberet
1335 849 1396 919 vix

290 982 292 988 '
325 967 402 1041 fieri
428 968 584 1062 potuisse
612 966 764 1040 videtur.
789 968 831 1039 Id
847 977 971 1040 tamen
993 965 1178 1040 evincendi
1205 987 1273 1035 non
1298 963 1397 1052 mihi,

324 1082 449 1172 fateor,
467 1083 566 1177 copia
582 1081 748 1176 suppetit.

370 1197 498 1270 Utrum
522 1199 565 1269 de
588 1194 754 1269 Glissonii
787 1203 945 1269 Tractare
968 1198 1091 1268 saltem
1117 1197 1281 1286 audierit,
1305 1192 1399 1266 hand

327 1314 430 1385 l'acile
445 1313 631 1383 decernere
647 1318 713 1382 est.
729 1310 765 1382 Si
779 1311 857 1404 quis
871 1321 989 1383 tamen
1004 1334 1120 1382 secum
1142 1319 1281 1406 reputet
1295 1334 1399 1405 quam

327 1426 473 1521 cupidus
497 1424 604 1496 fuerit
629 1424 774 1525 videndi
796 1424 1023 1518 discendique
1044 1424 1171 1515 omnia,
1195 1449 1298 1519 quam
1322 1431 1399 1496 stu-

326 1541 444 1613 diosus
465 1539 620 1611 omnium
636 1536 873 1610 doctrinarum
889 1546 925 1610 et
938 1539 1131 1633 praesertim
1153 1539 1400 1632 metaphysicae

262 1695 264 1701 .
328 1659 474 1736 amator,
494 1674 616 1745 parum
638 1651 817 1744 probabile
838 1651 1019 1724 videbitur
1042 1675 1133 1740 eum,
1151 1653 1212 1746 qui
1226 1651 1314 1723 nihil
1330 1675 1399 1724 non

329 1766 536 1863 legaret,cui
549 1789 594 1839 ne
605 1766 813 1840 scholastica
822 1766 961 1860 quidem
976 1766 1131 1840 confusio
1146 1766 1290 1839 taedium
1302 1765 1401 1839 affer·
1457 1781 1460 1786 ·

328 1891 394 1972 ret,
419 1882 697 1978 philosophicum
726 1905 812 1976 opus
844 1881 1107 1977 praetermisisse
1129 1906 1169 1955 ao
1191 1880 1398 1975 neglexisse,

329 1997 428 2089 cnjus
450 2019 524 2069 una
545 1995 728 2089 inscriptio
751 1995 820 2068 sibi
834 2018 889 2068 res
909 2019 988 2068 oum
1009 2018 1072 2068 sua
1092 1995 1202 2090 ipsius
1228 1993 1402 2068 sententia

329 2110 660 2214 congruentissimas
687 2109 773 2182 satis
803 2110 1040 2182 denuntiaret.
1069 2110 1230 2181 Nondum
1262 2107 1401 2202 quidem

329 2247 427 2296 suam
442 2225 486 2297 da
501 2223 699 2296 substantia
718 2224 911 2296 doctrinam
937 2225 1179 2313 constituerat,
1196 2221 1295 2314 cujus
1319 2229 1402 2294 ante

328 2363 458 2412 annum
485 2336 572 2412 1690
585 2337 647 2408 vix
663 2339 737 2408 ulla
755 2336 966 2410 lineamenta
984 2337 1021 2408 in
1038 2337 1113 2429 ejus
1137 2338 1275 2430 scriptis
1301 2359 1400 2428 repe·

328 2453 398 2525 rias
411 2454 435 2523 ¹.
454 2453 504 2523 At
519 2475 635 2523 nonne
650 2451 722 2542 jam
754 2459 857 2522 antea
879 2475 975 2522 suam
1001 2460 1075 2522 tum
1100 2457 1206 2522 Motus
1227 2454 1400 2534 obstructi,
1498 2449 1501 2454 ⁴

326 2576 404 2640 tum
420 2573 527 2639 Molas
550 2571 691 2638 concreti
708 2571 869 2637 theoriam
890 2566 1071 2638 ediderat?
1086 2569 1209 2638 Nonne
1220 2566 1291 2656 jam
1310 2565 1401 2639 circa

328 2682 534 2769 naturalem,
549 2691 590 2751 ut
603 2680 718 2752 Graeci
734 2681 847 2770 aiunt,
860 2692 991 2773 ἐνεργείαν
1008 2681 1162 2752 animum
1178 2679 1402 2752 attendebat?

373 2794 554 2876 Ceterum,
585 2794 699 2864 tribus
724 2801 802 2887 post
833 2795 935 2863 annis
961 2792 1159 2863 Leibnitius
1186 2793 1313 2864 iterum
1341 2815 1401 2886 per

329 2891 495 3002 Angliam
517 2912 584 2980 iter
605 2907 701 2995 fecit,
718 2929 797 2979 cum
815 2908 957 2978 Lutetia
970 2906 1202 2997 {Hanoveram
1216 2929 1252 2979 se
1267 2905 1401 2979 confer·

329 3034 394 3096 ret.
421 3023 544 3095 Denuo
569 3022 679 3114 igitur
703 3021 871 3108 Londini,
896 3020 961 3092 etsi
980 3021 1095 3092 nescio
1121 3020 1291 3114 quandiu,
1317 3021 1402 3092 setis

330 3139 391 3210 diu
405 3145 522 3208 tamen
538 3134 680 3216 mansit,
697 3141 749 3223 ut,
767 3134 937 3228 quidquid
950 3134 994 3206 ad
1010 3157 1083 3205 rem
1097 3134 1304 3206 litterariam
1321 3156 1401 3229 per·

329 3336 381 3377 tom
400 3323 554 3376 abhorrentis
576 3323 649 3374 semel
666 3322 809 3372 antibarum
831 3320 921 3371 laudat.
942 3321 1032 3383 Nempe
1048 3321 1073 3370 in
1091 3322 1204 3383 opusculo
1225 3335 1268 3372 suo
1289 3323 1322 3373 De
1342 3325 1403 3386 Ipso

330 3411 431 3459 Natura
442 3407 494 3454 sice
506 3405 537 3455 de
547 3405 574 3455 oi
586 3405 668 3452 insitu
681 3401 875 3464 actionibusque
892 3408 1072 3452 ereaturarum
1083 3402 1226 3465 (Erdmann,
1238 3419 1261 3467 p.
1282 3403 1346 3468 155),
1359 3417 1404 3454 nos

331 3485 531 3549 monetBoylium
550 3498 643 3548 quoius
663 3500 676 3529 α
690 3482 719 3532 de
734 3481 788 3546 ipsa
800 3481 889 3531 Nature
905 3495 920 3532 tr
937 3479 1023 3532 librum
1043 3483 1175 3546 scripsisse.
1192 3483 1310 3535 Eumdam
1322 3493 1403 3535 antem

331 3567 496 3618 doctissimum
518 3563 638 3629 physicum
659 3575 723 3627 saepe
737 3561 819 3610 laudat
838 3560 973 3612 Glissonius
989 3567 1023 3626 (p.
1042 3561 1093 3623 lli,
1112 3562 1157 3614 417
1169 3565 1209 3628 ...)
1222 3577 1229 3615 ε
1242 3577 1257 3614 c
1268 3565 1404 3616 deauratis·

331 3649 407 3697 sirone
423 3647 462 3696 ille
472 3651 565 3694 natnrae
576 3643 734 3702 evisceratos,
744 3641 836 3692 Nobilis
848 3642 969 3693 liebertus
981 3642 1054 3708 Boyle
1066 3659 1080 3695 n
1094 3681 1133 3706 ..,,
1145 3651 1196 3696 etc.
1212 3673 1241 3684 -·
1254 3647 1285 3697 nt
1299 3661 1313 3698 tt
1335 3647 1404 3697 lloli·

332 3729 446 3778 rtcnxium
454 3723 608 3776 ribelbnitlus
618 3729 642 3773 et
652 3723 711 3772 alios
724 3721 852 3772 nonnullos
864 3722 972 3785 ejusdem
983 3725 1062 3774 aetatis
1071 3725 1197 3790 gentisque
1209 3725 1296 3790 passim
1309 3727 1403 3787 laodat;

334 3808 396 3857 {inde
408 3804 493 3855 saltem
506 3811 605 3869 apparet
617 3802 690 3868 (quod
703 3801 733 3851 ab
748 3803 822 3867 ipsius
835 3800 915 3851 indole
926 3804 1042 3866 angurari
1053 3805 1112 3855 tatis
1124 3805 1228 3868 licebat),
1244 3820 1298 3856 eum
1312 3820 1358 3856 non
1372 3809 1404 3856 ita

333 3887 436 3938 Londtni
457 3885 542 3946 luisse,
563 3890 591 3934 ut
612 3882 768 3946 anglicorum
791 3882 935 3946 scriptorum
962 3883 1064 3946 ignarus
1090 3891 1162 3950 atque
1188 3886 1324 3938 incuriosus
1349 3887 1405 3938 inde

333 3968 440 4018 rediret

366 4048 373 4083 ¹
393 4048 452 4098 Eam
469 4048 583 4110 primum,
599 4045 623 4095 oi
641 4044 720 4106 fallor,
742 4043 910 4094 adumbratam
926 4045 1035 4108 reperire
1054 4053 1092 4098 est
1108 4047 1132 4098 in
1144 4047 1262 4113 Epistola,
1276 4063 1329 4114 qua
1341 4049 1404 4114 apud

333 4129 467 4188 Erdmann,
487 4141 512 4191 p.
532 4125 577 4176 107
593 4124 726 4190 lagitnrzu
739 4124 820 4173 Lettre
836 4123 865 4174 de
881 4123 913 4174 bl.
932 4125 1038 4176 Leibnilz
1055 4127 1112 4178 rtl.
1128 4129 1276 4190 Arnanld...‚
1290 4130 1320 4179 ob
1342 4130 1357 4178 il
1373 4131 1404 4179 lui

332 4222 421 4276 sucosa
434 4222 472 4256 aaa
484 4205 626 4256 sentimenta
640 4201 790 4269 particulicrs
801 4217 842 4251 sur
857 4204 877 4252 la
891 4204 1070 4271 metaphysiqua
1082 4214 1105 4258 et
1119 4209 1246 4273 phyriona.
1260 4225 1274 4262 a
1289 4210 1356 4263 tabo.
1375 4237 1405 4247 -

336 4279 398 4339 Edit.
414 4287 514 4346 butem,
528 4290 547 4336 t.
557 4285 585 4346 ll,
593 4298 616 4350 p.
629 4298 649 4344 i,
660 4299 683 4350 p.
697 4284 737 4335 ts.
