3156 5232
753 525 932 588 -lca-

308 680 410 754 quam
426 659 535 753 priuS,
551 657 686 728 dicatur
704 663 849 728 eatenus
864 652 996 724 moveri
1012 655 1035 724 ¹.
1053 654 1142 726 Nam
1159 678 1176 720 κ
1193 675 1270 725 cum
1281 653 1372 726 cele·

307 774 397 846 berr.
416 772 486 844 Des
505 770 625 842 Cartes
646 769 782 841 nullum
799 770 932 840 motum
947 773 1075 860 prester
1087 769 1232 840 localem
1249 790 1286 840 se
1312 767 1371 840 ad·

307 887 446 958 mittere
459 885 611 958 declaret
616 907 627 973 3
645 906 707 976 ego
728 881 786 955 hic
809 905 946 977 quoque
961 883 1004 954 ab
1019 905 1059 954 eo
1074 905 1144 954 non
1165 881 1256 954 nihil
1277 904 1371 956 rece·

307 1000 388 1070 dere
405 1022 518 1092 cogor.
535 999 676 1091 Nequeo
693 996 786 1070 enirn
811 998 1002 1090 concipere,
1020 1003 1154 1068 motum
1176 996 1221 1068 ad
1246 1018 1373 1070 novam

306 1111 495 1185 formam...
521 1113 593 1184 solo
612 1117 708 1183 motu
726 1109 838 1183 locali
850 1111 995 1182 absolvi.
1018 1110 1141 1184 Forma
1157 1110 1251 1184 enim
1266 1133 1370 1201 nova,

307 1249 505 1321 quanquam
522 1225 598 1298 sine
617 1231 714 1296 motu
732 1224 834 1297 locali
851 1247 920 1295 nou
939 1223 1138 1314 inducatur,
1161 1247 1232 1297 non
1254 1231 1372 1298 tamen

307 1363 446 1414 necesse
461 1347 514 1413 est
527 1363 567 1411 eo
582 1342 654 1411 solo
671 1338 881 1433 perficiatur.
899 1339 1069 1432 Suppcnit
1079 1338 1172 1412 euim
1189 1341 1371 1414 materiam

307 1477 433 1528 novam
450 1459 624 1541 naturam,
640 1475 836 1547 novamque
853 1449 1005 1544 ejusdem
1022 1452 1149 1538 ideam,
1167 1475 1228 1526 seu
1245 1477 1373 1526 novam

307 1569 419 1662 legem
439 1568 514 1640 sive
541 1567 774 1656 essentialem,
799 1568 874 1654 sive
898 1565 1147 1640 accidentalem
1175 1567 1311 1641 essendi
1338 1575 1374 1640 et

308 1682 474 1777 operandi
492 1689 692 1754 assecutam
717 1703 790 1754 esse
817 1703 825 1753 :
857 1681 933 1752 heco
955 1687 1072 1754 autem
1087 1704 1188 1754 nova
1211 1681 1290 1754 idea
1320 1685 1375 1756 sui

308 1798 418 1893 ipsius
432 1820 501 1869 nou
516 1797 658 1874 uidetur
671 1796 742 1868 solo
759 1801 856 1867 motu
870 1795 973 1867 locali
986 1794 1120 1868 inferri.
1137 1797 1267 1870 Saltem
1281 1795 1375 1868 enim

308 1911 484 1983 concurrit
509 1917 609 1982 actus
629 1910 749 1982 vitalis
773 1933 834 1983 seu
861 1910 952 1981 actio
972 1908 1081 2004 ipsius
1096 1911 1275 2002 materiae,
1289 1916 1375 2007 {quae

309 2026 376 2098 sibi
402 2025 559 2114 assumit,
582 2025 661 2097 unit
688 2033 725 2098 et
747 2030 921 2097 sustentat
945 2025 1036 2096 hanc
1054 2047 1180 2097 novam
1201 2024 1316 2098 ideam
1335 2031 1377 2098 ut

309 2141 420 2232 legem
450 2146 486 2211 et
504 2145 666 2212 naturam
690 2162 799 2211 suam.
819 2138 917 2224 -Quae
938 2139 1030 2212 actio
1049 2138 1243 2212 immanens
1257 2145 1322 2228 est,
1340 2146 1377 2212 et

310 2274 380 2324 non
404 2253 546 2324 videtur
568 2254 604 2324 in
629 2260 728 2326 motu
748 2253 851 2326 locali
865 2254 1094 2326 consistere...
1113 2253 1206 2339 Quin
1223 2260 1260 2326 et
1268 2255 1377 2326 ‘datur

310 2368 401 2440 actio
416 2367 603 2457 transiens,
621 2391 700 2462 queo
712 2367 844 2439 motum
857 2369 1001 2440 localem
1023 2369 1160 2462 proprie
1179 2369 1377 2442 sicilictum
1481 2442 1486 2452 ,
1575 2359 1576 2416 1

310 2503 380 2554 non
397 2480 529 2553 infert:
551 2489 593 2553 'ut
609 2482 707 2554 nisus
721 2481 884 2553 movendi
898 2481 1031 2552 irritus.
1054 2508 1071 2548 a
1090 2481 1219 2569 XXIV,
1240 2481 1296 2555 23.

358 2595 435 2668 Sint
451 2594 560 2688 igitur
573 2593 744 2688 perpetui,
759 2602 874 2668 motus
887 2597 1074 2678 naturales,
1085 2594 1201 2685 idest,
1218 2583 1375 2688 subjecto

312 2733 374 2781 suo
398 2711 663 2802 complacentes.
680 2709 729 2780 Hi
750 2716 856 2781 sunt:
881 2709 1039 2782 «Motus
1057 2709 1255 2804 antitypiae,
1276 2734 1376 2806 aquo

310 2847 367 2897 res
384 2845 531 2918 quaeque
546 2823 674 2896 ictibus
686 2846 723 2896 se
739 2823 790 2896 ita
805 2823 959 2918 opponit,
977 2853 995 2888 «
1012 2832 1054 2897 ut
1071 2847 1167 2897 suam
1184 2825 1377 2898 subsisten-

313 2939 399 3010 tiam
418 2944 585 3032 perpetuo
596 2943 749 3027 tueatur,
768 2959 832 3009 nec
847 2960 883 3008 se
897 2937 934 3008 in
943 2936 1091 3010 nihilum
1107 2939 1219 3032 redigi
1230 2939 1343 3030 sinat3
1359 2971 1375 3006 s

311 3054 396 3126 item
428 3080 446 3121 o
478 3060 595 3124 motus
628 3074 751 3141 nexus,
777 3080 795 3116 a
834 3074 937 3147 quem
967 3059 1100 3125 motum
1131 3053 1254 3126 schola¹
1277 3062 1380 3128 vocet

312 3172 480 3238 «ructum
505 3188 549 3237 ne
575 3165 677 3238 detur
699 3187 848 3238 vacuum
867 3195 883 3232 a
901 3173 937 3238 et
953 3189 1021 3259 quo
1052 3167 1198 3239 «omnis
1222 3168 1379 3240 materiae

276 3359 279 3366 ,
311 3282 425 3374 portio
436 3280 590 3374 undique
605 3279 765 3352 sodalitio
780 3279 923 3350 alterius
938 3278 1079 3350 sruitur.
1095 3311 1111 3345 a
1198 3308 1215 3348 a
1232 3282 1379 3355 Necesse

312 3400 366 3466 est
389 3391 579 3486 largiamur
596 3415 718 3486 corpus
738 3393 788 3464 sio
803 3399 935 3464 motum
951 3392 1089 3465 interno
1107 3394 1193 3466 vitae
1208 3395 1378 3489 principio

107 3520 110 3525 ·
202 3559 204 3563 ⁴
311 3509 474 3600 gaudere.
491 3505 682 3578 Evidenter
707 3505 799 3578 enirn
817 3506 980 3600 supponit
993 3506 1030 3577 id
1047 3508 1139 3602 quod
1154 3509 1204 3579 sic
1220 3517 1380 3580 movetur

311 3621 461 3716 proximi
491 3620 642 3714 corporis
666 3642 686 3691 a
708 3643 744 3691 se
770 3643 942 3690 recessum
967 3623 1155 3714 percipere.
1184 3622 1261 3694 Nisi
1285 3623 1379 3696 enirn

311 3736 516 3830 perciperet,
541 3741 845 3831 consequeretur.
872 3763 885 3798 a
912 3773 955 3790 -
976 3734 1136 3828 Denique
1164 3742 1200 3807 et
1220 3737 1379 3832 perpetui

313 3855 396 3919 sunt
410 3854 523 3918 motus
539 3847 892 3940 quidamcirculareS,
909 3854 951 3918 ut
972 3855 1086 3918 motus
1108 3870 1287 3943 corporum
1309 3873 1378 3920 coe-

312 3961 467 4033 lestium.
486 3991 502 4026 «
518 3960 743 4054 Peripatetici
756 3961 897 4033 orbibus
907 3961 1106 4035 coelestibus
1125 3963 1378 4055 intelligentias

345 4180 352 4214 ⁴
373 4178 456 4230 Leito.
471 4181 506 4229 De
519 4179 698 4244 ipsemecum,
714 4178 750 4238 13,
766 4177 963 4242 Eadm.,p'.158‚
979 4179 1031 4230 159.
1075 4235 1077 4238 ,
