3156 5232
737 548 896 614 ..68-

194 723 196 728 ·
280 700 360 776 quae
374 676 410 750 vi
426 677 572 773 plastica
585 679 772 768 donantur,
788 701 935 774 quaeque
949 678 1079 773 duplici
1095 679 1349 756 modificatione

281 793 366 866 vitae
382 799 543 866 constant
552 814 564 884 3
581 816 727 888 quarum
740 795 852 866 altera
864 793 973 865 insita
986 799 1051 882 est,
1066 792 1344 867 alterainfluens.

278 907 345 980 Illa
362 907 400 980 in
419 907 577 1001 partibus
592 906 722 992 solidis,
742 909 817 979 haec
831 907 870 978 in
885 929 987 979 succo
1001 905 1101 978 vitali
1115 906 1245 978 residet
1261 930 1269 979 :
1286 908 1348 979 illa

278 1022 317 1093 in
329 1021 426 1114 justa
442 1021 662 1094 seminalium
682 1022 835 1115 partium
858 1019 1108 1094 constitutione
1123 1029 1228 1114 atque
1244 1045 1346 1114 orga-

280 1134 466 1225 nizatione‚
482 1135 557 1207 haec
572 1134 611 1207 in
634 1136 753 1210 debita
780 1157 917 1229 quoque
939 1133 1034 1207 succi
1057 1134 1176 1206 vitalis
1201 1135 1347 1208 similari

280 1258 418 1338 natura,
437 1250 608 1346 vitalique
622 1256 721 1323 motu
734 1249 901 1342 ejusdem,
914 1249 983 1322 sita
996 1257 1061 1321 est.
1079 1249 1346 1343 Vitaduplicata

279 1366 335 1436 vel
359 1370 499 1436 tantum
524 1363 643 1436 vitalis
670 1370 735 1455 eat,
760 1364 817 1436 vel
839 1364 982 1457 insuper
1000 1361 1170 1455 judicata.
1194 1363 1260 1435 Illa
1280 1364 1347 1437 etsi

277 1479 454 1571 duplicata
476 1477 552 1549 vita
572 1477 715 1576 fruitur,
746 1479 857 1549 altera
879 1477 1005 1565 insita,
1026 1478 1136 1548 altera
1154 1475 1323 1549 influente
1333 1502 1344 1568 3

279 1597 403 1662 neutra
427 1597 545 1664 tamen
568 1593 663 1664 ultra
675 1591 866 1686 simplicem
882 1590 1096 1686 percipiendi
1112 1591 1251 1663 modum
1266 1614 1344 1684 pre-

277 1692 429 1776 vehitur.
440 1705 543 1777 Ratio
558 1713 622 1795 est,
633 1705 715 1800 quia
725 1729 837 1801 neque
850 1706 926 1777 vita
936 1705 1043 1778 insita
1052 1705 1201 1800 percipit
1210 1728 1346 1799 percep·

276 1818 407 1890 tionem
430 1817 626 1909 induentis,
649 1841 762 1913 neque
776 1818 927 1893 influens
944 1819 1201 1914 perceptionem
1213 1819 1341 1890 insitae.

276 1932 355 2004 Jam
378 1954 461 2005 vero
487 1930 563 2004 vita
587 1933 778 2027 duplicata,
797 1933 970 2029 simulque
990 1931 1161 2025 judicata,
1178 1932 1346 2004 sensitiva

276 2052 342 2136 est,
357 2052 393 2117 et
409 2047 504 2118 ultra
518 2046 629 2119 vitam
646 2070 740 2120 mere
753 2047 986 2141 vegetabilem
1001 2047 1046 2119 ad
1058 2047 1244 2118 animalem
1253 2047 1346 2118 exal·

276 2167 384 2233 tatur.
414 2161 574 2255 Denique
597 2162 674 2232 vita
693 2163 769 2234 haec
787 2161 947 2254 judicata
968 2161 1209 2256 perfectiorem
1232 2161 1345 2233 adhuc

277 2273 569 2347 modificationem
580 2276 745 2366 admittit,
753 2284 790 2348 et
799 2283 981 2370 propterea
993 2275 1346 2348 dividiturindirecte

246 2479 248 2483 Ι
277 2397 506 2483 concretaque
520 2397 659 2462 tantum
669 2389 863 2482 judicatam
877 2397 914 2464 et
927 2390 964 2461 in
988 2413 1058 2461 non
1075 2391 1187 2461 solum
1201 2389 1344 2477 directe,

276 2511 382 2597 atque
400 2510 574 2588 concrete,
590 2525 712 2576 verum
735 2504 840 2577 etiam
856 2503 985 2584 reflexe
1009 2512 1044 2575 et
1068 2507 1241 2575 abstracte
1251 2502 1345 2594 judi·

277 2625 403 2704 catam,
420 2639 499 2712 quae
514 2617 579 2690 soli
601 2617 735 2690 homini
750 2619 883 2691 virtute
898 2617 1025 2689 animae
1039 2618 1219 2688 rationalis
1241 2641 1262 2687 a
1278 2640 1346 2688 ma-

275 2733 365 2803 teria
389 2755 458 2804 non
477 2733 707 2827 dependentis
721 2733 966 2827 appropriatur
982 2734 1008 2804 ³.
1025 2759 1042 2798 a
1070 2731 1160 2821 (Xll,
1184 2732 1253 2821 la.)

308 2932 315 2966 ⁴
335 2931 373 2982 Gi.
388 2931 469 2982 Leibn.
484 2933 565 2998 Epist.
577 2933 612 2982 cd
628 2931 755 2996 waccar,
766 2930 806 2990 lll,
818 2930 911 2992 Erdmj,
928 2943 950 2992 p.
964 2927 1011 2981 stt
1024 2943 1030 2979 :
1045 2942 1060 2979 u
1073 2929 1161 2980 stricte
1176 2929 1255 2978 anima
1272 2929 1345 2979 aurni-

276 3021 317 3064 tur
330 3025 373 3078 pra
384 3011 463 3077 spacia
476 3012 534 3063 vitra
546 3012 665 3063 nobiliore
677 3026 720 3062 seu
737 3025 781 3075 pro
793 3012 841 3061 vita
858 3010 983 3074 sensitiva,
997 3007 1037 3060 ubi
1055 3021 1102 3059 nan
1119 3008 1181 3058 nuda
1194 3014 1232 3058 eat
1244 3009 1346 3061 facultas

276 3091 434 3157 percipiendi,
447 3091 489 3142 sed
502 3098 526 3142 et
540 3093 666 3155 sentiendi,
677 3091 772 3157 quando
785 3104 872 3157 nempe
883 3090 1034 3157 perceptioni
1051 3089 1192 3156 adjungitur
1207 3091 1307 3139 atentia
1321 3095 1347 3140 et

276 3173 401 3224 memoria.
423 3173 628 3236 Quemadmodum
651 3173 755 3224 vicissim
776 3186 842 3223 mena
859 3177 897 3222 est
917 3170 1007 3236 speclea
1029 3170 1113 3220 anime
1133 3168 1244 3232 nobilior,
1261 3183 1346 3236 nempe

277 3266 344 3303 mena
356 3259 393 3304 eat
404 3254 484 3305 anima
497 3253 633 3306 rationalia.
646 3268 660 3306 a
