3156 5232
660 601 818 665 ..67-

203 743 303 807 catur
330 737 444 823 Apros,
473 738 603 805 Monens
623 748 652 802 et
676 737 854 825 Generum)
873 733 962 804 nihil
979 731 1075 804 aliud
1099 742 1152 806 est
1167 756 1269 828 quam
1365 737 1369 746 ’

203 851 279 943 ipsa
302 848 464 937 mutatio,
485 871 546 922 seu
573 855 701 938 motus,
717 855 871 920 veterem
892 847 1039 920 formam
1062 847 1271 943 impugnans

204 963 1272 1059 eradicansque‚etmateriaevictaenovamlegemessendi‚hoc
1296 1048 1298 1053 ,

205 1087 257 1153 est
282 1103 409 1150 novam
424 1087 585 1156 naturam
604 1100 665 1149 seu
678 1101 803 1149 novam
819 1077 977 1168 formam,
994 1078 1060 1150 sibi
1072 1078 1197 1172 suique
1211 1103 1270 1172 ge-

205 1195 359 1264 nerantis
390 1193 460 1285 legi
492 1193 714 1280 conformem,
747 1193 986 1286 praescribens.
1023 1191 1139 1265 Motus
1179 1195 1271 1266 enirn

209 1338 225 1370 o
241 1330 377 1401 quoquo
393 1307 493 1377 modo
506 1308 688 1378 moventis
705 1307 818 1378 ideam
837 1307 873 1377 in
889 1307 1033 1378 materia
1048 1316 1143 1379 mota
1162 1309 1271 1398 susci·¹

204 1429 269 1491 tat.
290 1448 306 1486 ε
330 1419 445 1491 Motus
459 1419 620 1512 producit
635 1418 836 1508 terminum,
859 1419 919 1514 qui
944 1423 1000 1492 vel
1014 1420 1128 1494 fluens
1143 1429 1197 1493 est
1215 1423 1272 1494 vel

203 1535 294 1605 fixus
308 1533 356 1624 (id
368 1540 421 1612 est
432 1561 450 1598 «
464 1554 483 1605 e
495 1540 667 1626 potestate
677 1556 791 1604 causae
801 1535 1056 1606 manumissus»
1071 1535 1273 1630 3—disposi-

188 1648 1271 1745 ,nonalisvelhabiaualis3persevelperacoidens.Utcumque,

205 1763 416 1835 «terminus
442 1769 555 1833 motus
581 1768 774 1856 praeserrat
793 1763 908 1834 ideam
932 1764 1127 1850 moventis3
1154 1795 1171 1832 »
1201 1767 1271 1840 imo

208 1909 225 1946 a
241 1876 397 1972 quandiu
412 1877 449 1947 in
464 1899 564 1969 passo
580 1883 709 1964 manet,
728 1883 781 1947 est
796 1873 972 1949 sufficiens
988 1879 1162 1950 moventis
1178 1879 1270 1971 idea,

204 1989 746 2084 etiamsihocdepraesentiabsit.
757 2016 775 2056 u
784 1989 936 2078 Etenim,
947 1991 1091 2065 effectus
1100 2017 1161 2065 suo
1171 1997 1272 2068 modo

204 2106 403 2177 continetur
416 2103 453 2174 in
469 2127 583 2190 causa,
604 2111 640 2175 et
657 2127 760 2174 causa
773 2126 910 2196 quoque
925 2107 1058 2176 relucet
1075 2106 1112 2176 in
1130 2107 1267 2178 effectu.

204 2225 570 2308 Pruseatcmqaarefart
581 2222 730 2306 qaoelloa
742 2221 844 2287 tardo
858 2223 973 2288 Deam.
983 2217 1098 2303 Quare
1107 2229 1269 2294 manente

203 2335 352 2406 termino
361 2341 502 2404 motusa
510 2339 697 2424 generante
708 2331 818 2419 illato,
832 2340 949 2403 manet
960 2333 1039 2404 idea
1054 2336 1267 2426 generantis,

204 2456 239 2519 et
255 2449 502 2534 hacmonente‚
520 2446 665 2516 materia
680 2444 785 2515 habet
796 2443 1026 2518 sufficientem
1037 2450 1268 2543 exemplarem

205 2585 343 2632 oausam
355 2563 399 2632 ad
406 2561 505 2652 eujus
513 2561 713 2652 imaginem,
721 2568 887 2652 pereunte
899 2562 1010 2633 veteri
1020 2562 1142 2652 forma,
1156 2572 1270 2657 potest

204 2700 330 2747 novam
345 2675 544 2768 generantis
562 2675 710 2745 similem
727 2697 745 2745 e
760 2697 821 2744 suo
836 2675 967 2768 gremio
984 2675 1141 2749 educere.
1158 2707 1175 2743 »
1195 2677 1267 2768 (XI,

207 2789 310 2879 1-19.)
322 2790 373 2861 Ne
387 2789 567 2882 aequivoca
581 2789 721 2880 quidem
732 2789 909 2880 generatio
924 2791 1060 2884 (nempe
1070 2793 1267 2884 plantarum

204 2911 240 2974 et
262 2902 463 2973 animalium
479 2909 601 2994 sponte
616 2909 788 2992 natorum)
806 2902 882 2973 sine
893 2902 972 2974 idea
985 2903 1107 2976 formae
1119 2907 1269 2978 educen-

203 3017 259 3088 dae
286 3017 347 3105 iit;
374 3024 410 3088 et
433 3045 449 3082 u
465 3018 502 3087 in
527 3017 750 3109 generatione
775 3018 881 3088 etiam
906 3017 1091 3109 defectiva,
1123 3044 1202 3114 qnae
1226 3045 1269 3094 ex

204 3133 318 3203 subito
332 3132 479 3202 interitu
499 3133 697 3224 plantarum
720 3139 782 3201 aut
803 3132 1006 3204 animalium
1032 3138 1268 3230 consequitur,

203 3247 303 3316 adest
327 3244 416 3316 idea.
435 3274 452 3310 »
471 3243 546 3334 (XI,
566 3243 694 3336 13-14.)
1108 3317 1110 3324 Α

248 3360 300 3429 De
315 3359 501 3451 generibus
518 3367 553 3429 et
568 3359 747 3448 speciebus
762 3359 952 3431 formarum
978 3362 1007 3431 si
1028 3363 1107 3456 quis
1120 3365 1268 3456 laborat,

204 3475 236 3545 ei
253 3483 357 3566 caput
370 3495 420 3545 xn
434 3474 619 3565 legendum
633 3480 697 3558 est,
715 3474 752 3542 in
775 3496 842 3566 quo
867 3476 1064 3567 generalem
1085 3479 1269 3571 quamdam

202 3587 392 3658 formarum
425 3587 630 3658 divisionem
657 3593 790 3680 [nempe
817 3589 853 3658 in
883 3589 1085 3662 essentiales
1118 3597 1154 3663 et
1180 3595 1272 3664 acci-

203 3702 372 3789 dentales,
392 3743 432 3753 -
456 3702 630 3794 simplices
655 3708 690 3772 et
714 3701 854 3790 mixtas,
890 3743 933 3754 -
961 3705 1204 3777 elementarias
1237 3714 1274 3778 et

203 3815 397 3903 seminales,
416 3817 526 3907 etc...)
540 3816 710 3886 inveniet.
736 3815 834 3886 Unde
847 3817 883 3885 id
906 3809 1014 3888 unum
1032 3820 1074 3890 de
1090 3820 1274 3894 elementis
1367 3817 1371 3830 ’

203 3927 316 3998 obiter
329 3929 585 4022 excerpendum
600 3928 740 3999 videtur
758 3951 765 3997 :
786 3956 802 3993 «
826 3930 997 4001 elementa
1013 3954 1087 4005 esse
1103 3934 1272 4006 essentia·
1292 3969 1295 3978 ·

203 4041 282 4112 liter
305 4043 482 4124 distincta,
508 4050 544 4114 et
574 4065 643 4114 non
673 4049 812 4112 tantum
845 4046 1033 4116 secundum
1070 4048 1208 4121 schema
1237 4058 1272 4122 et

203 4161 380 4228 texturam
404 4158 555 4251 partium
567 4181 577 4246 ;
606 4185 621 4223 ε
649 4156 755 4249 idque
778 4156 952 4250 praecipue
974 4159 1018 4230 de
1038 4159 1147 4232 forma
1176 4187 1273 4257 orga-

204 4272 282 4342 nica
300 4296 307 4342 :
336 4305 353 4339 α
369 4274 491 4345 Forma
509 4273 686 4346 seminalis
702 4273 877 4364 organica,
894 4294 935 4345 ea
952 4277 1068 4347 omnia
1089 4281 1273 4354 constituit
