3156 5232
790 645 999 706 ——82—.

338 777 458 850 chinas
482 775 682 862 conficiunt,
708 772 862 846 actiones
886 781 922 846 et
952 795 1036 845 usus
1067 772 1267 844 eorumdem
1299 771 1411 865 potis·

337 894 464 966 simum
486 888 689 983 respiciunt.
717 888 795 960 Non
822 887 932 980 igitur
953 885 1148 980 putandum
1174 893 1241 973 θεῖ,
1256 885 1411 958 voluisse

337 1003 633 1098 sapientissimum
649 1003 761 1074 Deum
775 1001 964 1095 producere
980 999 1253 1072 substantiam...
1278 1000 1410 1094 absque

337 1127 465 1190 natura
480 1117 672 1211 operativa,
687 1140 755 1212 qua
771 1115 925 1188 actiones
942 1139 1005 1187 sua
1029 1114 1177 1188 entitate
1192 1113 1328 1210 dignas,
1346 1114 1412 1202 hoc

337 1241 402 1321 est,
418 1233 543 1304 vitales
563 1237 600 1303 et
617 1230 760 1303 abintus
786 1229 1043 1324 provenientes,
1062 1228 1155 1301 edat.
1176 1229 1408 1302 Probabiliter

338 1347 478 1441 quidem
497 1368 643 1439 arguere
657 1345 753 1430 licet,
773 1353 847 1414 tam
876 1341 1049 1437 stupidam
1068 1350 1103 1414 et
1127 1341 1295 1415 insulsam
1313 1365 1411 1415 orea-

336 1467 453 1532 turam
479 1458 757 1540 substantialem,
778 1459 915 1552 qualem
937 1457 1111 1550 fingerent
1124 1459 1319 1548 materiam,
1337 1482 1407 1531 non

338 1597 412 1646 esse
426 1574 463 1644 in
479 1581 606 1645 natura
626 1571 836 1666 possibilem.
859 1571 970 1645 Omne
991 1571 1084 1644 enim
1099 1595 1160 1644 ens
1188 1575 1318 1646 bonum
1339 1581 1404 1656 est,

336 1711 406 1760 non
422 1688 670 1776 frustraneum,
687 1685 885 1758 necinutile
898 1709 908 1775 ;
921 1685 1017 1779 quin,
1032 1685 1108 1779 ipsa
1121 1686 1249 1760 entitas
1264 1696 1300 1760 et
1311 1689 1409 1761 boni·

335 1810 391 1875 tas
404 1826 473 1873 non
486 1802 627 1874 realiter
637 1799 941 1873 differunt¹.Fieri
952 1824 1033 1892 ergo
1043 1801 1166 1896 nequit
1176 1802 1260 1897 quin
1272 1801 1408 1874 utilitas

337 1939 398 1987 seu
410 1915 549 1988 bonitas
562 1916 614 1988 rei
624 1915 765 1988 entitati
779 1913 933 2007 ejusdem
953 1915 1246 2009 proportionetur.
1259 1917 1336 1988 Non
1350 1908 1424 1988 hio

337 2028 459 2123 loquor
471 2031 514 2102 de
529 2030 687 2103 bonitate
700 2031 837 2120 morali,
858 2030 919 2102 sed
934 2030 978 2102 de
991 2029 1241 2124 metaphysica,
1267 2054 1335 2124 qua
1351 2053 1407 2102 res

337 2153 503 2239 perpetuo
520 2144 756 2218 conformatur
771 2145 843 2218 suis
857 2145 1128 2239 operationibus.
1147 2175 1164 2212 a
1186 2145 1281 2234 XVI,
1296 2147 1329 2216 4.

382 2263 430 2332 At
453 2256 559 2348 eriim,
577 2267 703 2331 natura
725 2261 809 2331 viva
829 2259 974 2332 minime
988 2259 1173 2333 conformis
1196 2268 1250 2332 est
1264 2260 1406 2332 entitati

338 2375 495 2447 materiae
509 2397 517 2445 :
530 2374 599 2447 imb
612 2375 688 2446 vita
707 2373 901 2446 materialis
917 2373 1185 2467 repugnantiam
1205 2373 1243 2446 in
1270 2371 1407 2466 adjecto

338 2473 435 2561 dicit.
448 2531 493 2544 -
513 2518 530 2558 u
548 2489 839 2584 Respondendum
858 2496 912 2562 est
927 2490 1038 2560 vitam
1059 2489 1096 2560 in
1115 2496 1191 2561 tota
1210 2512 1272 2561 sua
1288 2487 1410 2560 latitu-

337 2605 419 2678 dine
439 2631 509 2677 non
532 2629 607 2678 esse
625 2605 783 2679 materiae
813 2605 1077 2696 inconformem,
1107 2605 1166 2678 sed
1193 2606 1407 2678 solummodo

337 2719 448 2791 vitam
474 2720 704 2814 spiritualem.
734 2719 874 2792 Etenim
894 2718 1125 2792 certissimum
1155 2726 1287 2808 θεῖ,θο
1315 2720 1407 2812 quod

338 2825 466 2906 dentur
479 2835 611 2930 plantae
625 2842 662 2907 et
673 2834 852 2925 animalia,
869 2833 945 2906 dari
960 2856 1098 2928 quoque
1115 2833 1224 2905 vitam
1240 2831 1406 2904 materia·

338 2950 418 3036 lem,
437 2955 472 3020 et
489 2955 742 3043 consequenter
757 2971 854 3042 posse
870 2947 987 3020 dari...
1004 2947 1152 3019 Materia
1168 2970 1250 3040 ergo
1264 2953 1408 3018 natura-

336 3060 505 3132 liternon
523 3068 576 3134 est
599 3061 685 3132 vitae
713 3061 906 3134 materialis
928 3063 1089 3155 incapax.
1119 3059 1218 3145 Quod
1246 3059 1276 3132 si
1301 3058 1410 3154 igitur

338 3197 408 3247 non
433 3175 542 3265 vivat,
569 3183 727 3271 oporteat
748 3177 861 3248 Deum
881 3177 1000 3265 vivam
1017 3200 1094 3248 eam
1109 3198 1226 3248 creare
1240 3175 1409 3247 noluisse.

338 3289 440 3361 Ratio
466 3297 584 3362 autem
606 3290 669 3361 vix
683 3289 783 3362 reddi
798 3297 914 3384 potest
925 3314 987 3363 cur
1001 3291 1074 3362 Deo
1096 3289 1214 3384 potius
1238 3291 1410 3362 mundum

339 3403 505 3496 ignavum
522 3411 557 3477 et
571 3404 762 3499 stupidum,
781 3428 885 3498 quam
899 3405 1052 3476 activum
1069 3412 1106 3476 et
1120 3403 1279 3476 vividum
1294 3427 1410 3477 creare

338 3520 501 3611 placeret.
529 3547 546 3586 a
567 3519 662 3610 XVI,
680 3521 702 3592 b
718 3523 744 3590 ².

383 3633 534 3705 Multum
549 3636 648 3707 abest
668 3642 710 3704 ut
725 3635 801 3707 haec
823 3633 1079 3728 vitaprimaeva
1097 3633 1268 3724 materiae,
1298 3632 1408 3727 impe-

339 3747 414 3817 diat
440 3776 457 3812 «
485 3755 622 3819 naturae
650 3749 901 3821 varietatem...
921 3779 938 3816 a
963 3749 1088 3820 «Nam
1112 3747 1186 3819 vita
1210 3749 1408 3842 plantarum

338 3867 443 3954 atque
469 3861 673 3933 animalium
697 3861 929 3934 sufficientem
942 3862 1114 3964 rationem
1127 3860 1409 3945 distinctivama

338 3972 413 4044 vita
443 3982 580 4048 naturae
606 3976 764 4048 insinuat
780 3995 788 4047 2
807 3977 899 4070 quod
921 3965 1087 4047 nimirum
1111 3975 1243 4069 plantae
1264 3975 1409 4069 pulchra

372 4166 379 4201 ⁴
398 4167 483 4219 Leibn.
499 4171 583 4220 Gaura
597 4170 652 4234 Det,
663 4169 703 4230 30,
715 4134 809 4231 llrdm„
823 4183 846 4232 p.
861 4169 918 4220 655.

371 4246 383 4282 ²
398 4248 449 4299 Non
469 4248 540 4299 aliter
555 4250 639 4300 Lelbu.
652 4255 794 4314 argumenta
807 4264 820 4299 e
834 4250 944 4300 bonitate
956 4249 999 4300 Dei
1013 4255 1085 4314 atque
1098 4263 1112 4300 a
1126 4249 1254 4315 principio,
1274 4254 1301 4299 ut
1317 4249 1362 4308 ait,
1381 4245 1411 4297 dt
1503 4303 1506 4310 ¹
1562 4259 1563 4284 ³

337 4327 365 4377 tc
375 4331 467 4380 raison
478 4329 620 4396 saparante,-
631 4338 715 4398 petcre
726 4331 797 4384 solet.
