3196 5228
320 721 436 810 detur,
451 729 684 816 praeterquam
701 728 753 811 nt,
770 722 900 794 nullam
924 722 1112 794 admodum
1127 722 1225 794 illius
1245 723 1394 795 mentio·

320 858 400 907 nem
415 858 562 930 usquam
575 837 612 906 in
625 833 730 927 hujus
744 835 883 930 scriptis
895 835 1024 908 factam
1040 857 1126 925 esse,
1142 838 1271 908 iterum
1287 847 1395 932 atquc

320 950 449 1022 iterum
473 956 730 1022 commemoret.
746 949 795 1021 lio
819 951 940 1044 itaque
966 949 1154 1044 confugere
1170 949 1262 1023 doct:
1280 952 1394 1024 Bode-

320 1087 426 1136 mann
441 1065 536 1136 haud
561 1063 712 1135 dubitat.
740 1064 833 1149 Quid
850 1088 932 1137 vero
950 1066 1117 1136 momenti
1139 1065 1282 1138 unicum
1305 1066 1392 1162 illud

321 1187 566 1273 argumentum
581 1178 722 1268 habeat,
739 1202 842 1272 snpra
859 1179 1022 1250 vidimus.

367 1294 468 1381 Quod
492 1293 522 1365 si
543 1301 662 1365 tamen
683 1292 720 1364 in
739 1317 779 1365 eo
799 1302 835 1365 te
853 1295 954 1388 qnasi
966 1297 1103 1390 septum
1126 1295 1178 1366 ita
1202 1302 1336 1386 teneas,
1354 1305 1395 1369 ut

320 1409 404 1482 inde
425 1408 567 1479 omnino
591 1407 681 1478 nihil
710 1408 889 1478 tantulum
910 1415 1120 1498 semoveat,
1150 1409 1324 1504 equidem,
1350 1434 1394 1483 ne

321 1521 505 1598 clarissimi
533 1521 729 1618 philosophi
751 1522 868 1592 minus
890 1545 1054 1594 reverens
1079 1545 1153 1595 esse
1177 1524 1299 1596 videar
1320 1548 1392 1598 rem

321 1638 429 1712 etiam
448 1643 554 1732 atque
569 1635 675 1710 etiam
693 1635 895 1730 premendo,
911 1636 955 1707 ad
971 1636 1117 1709 alteram
1129 1635 1203 1729 jam
1226 1638 1393 1733 disquisi-

321 1752 429 1826 tionis
451 1774 539 1824 meae
553 1759 687 1846 partem
705 1748 822 1839 venio,
836 1749 874 1820 in
889 1773 959 1844 qua
973 1749 1125 1836 interna,
1142 1759 1183 1822 ut
1198 1752 1248 1822 itt
1265 1752 1392 1842 dicam,

323 1872 530 1960 argumenta
544 1865 790 1961 perpendenda
803 1870 898 1935 sunt.
916 1862 1056 1936 Scilicet
1068 1863 1142 1955 jam
1158 1888 1227 1936 non
1251 1865 1336 1959 quid
1350 1869 1394 1939 ab

320 1980 468 2053 historia
488 1979 660 2052 factorum
684 1985 720 2050 et
746 1983 1001 2050 transactorum
1029 1975 1155 2070 conjici
1180 1987 1298 2073 queat,
1333 1980 1393 2052 sed

322 2093 407 2189 quid
431 2095 475 2164 ab
497 2091 584 2186 ipsis
605 2091 774 2164 doctrinis
797 2091 892 2163 inter
907 2113 944 2162 se
964 2091 1172 2186 comparatis
1193 2091 1391 2186 colligatur,

322 2205 514 2280 videndum
531 2211 597 2278 est.
