3156 5232
674 659 719 696 ..-
735 622 798 690 Μ
819 657 859 701 -θ

234 750 510 838 multitudinem,
523 775 602 850 quae
611 755 708 850 apud
717 755 931 828 Leibnitium
942 750 1210 828 continuitatem
1220 755 1299 830 tan⁴

234 881 309 942 tum
324 871 496 942 imitatur.
510 870 611 942 Alter
626 869 736 964 igitur
749 872 931 943 materiam
955 892 1025 941 non
1040 869 1109 941 nisi
1135 899 1152 936 a
1175 878 1298 964 poten·

234 984 367 1056 tialiter
381 1013 401 1054 a
420 983 459 1054 in
479 983 658 1055 infinitum
678 983 858 1055 dividuam
881 1006 955 1056 esse
974 983 1166 1070 contendit,
1192 1007 1300 1077 quum

234 1120 399 1170 numerus
417 1106 498 1170 actu
510 1095 670 1168 infinitus
683 1097 995 1170 contradictionem
1018 1097 1192 1184 involvat3
1211 1100 1300 1170 alter

234 1210 413 1304 quodlibet
434 1232 557 1302 corpus
580 1209 728 1282 infinitis
750 1211 957 1283 monadibus
976 1210 1069 1282 inter
1093 1233 1130 1282 se
1155 1232 1299 1304 congre·

234 1324 337 1418 gatis,
349 1324 411 1396 sed
421 1331 502 1396 actu
517 1323 651 1412 divisis,
669 1331 825 1398 constare
839 1325 968 1397 iterum
985 1332 1090 1418 atque
1102 1323 1230 1398 iterum
1242 1349 1297 1396 as-

233 1438 330 1508 serit.

276 1549 400 1621 Fateor
430 1551 591 1643 equidem
620 1549 834 1622 Glissonium
859 1552 896 1622 in
924 1551 1178 1645 Monadologiae
1200 1553 1299 1646 quasi

233 1663 445 1735 vestibulum
463 1686 525 1735 nos
540 1663 724 1754 adducere,
739 1687 846 1758 quum
862 1665 1054 1759 praesertim
1069 1674 1204 1760 quaerat
1215 1667 1300 1760 quid

232 1777 389 1849 futurum
404 1779 451 1850 sit
464 1783 636 1850 minimam
651 1783 808 1849 naturale
822 1780 851 1850 si
861 1802 1015 1852 seorsum
1028 1781 1163 1876 concipi
1176 1780 1297 1875 possit,

231 1915 407 1986 quumque
422 1892 489 1965 sibi
504 1894 578 1986 ipse
591 1895 813 1986 respondeat,
826 1893 917 1965 illud
932 1895 1021 1966 nihil
1035 1894 1134 1966 aliud
1142 1893 1218 1967 fore
1231 1895 1303 1966 nisi

232 2035 248 2071 κ
264 2015 394 2098 puncta
407 2006 667 2077 substantialia.
683 2035 700 2073 a
719 2007 797 2080 Non
812 2029 992 2100 nunquam
1016 2007 1123 2078 etiam
1145 2007 1221 2080 haec
1242 2016 1300 2079 ta·

229 2119 474 2212 liaquesonat,
490 2121 715 2194 verbotenus
739 2121 811 2194 fere
833 2121 1081 2194 Leibnitiana:
1106 2122 1300 2216 perceptio·

229 2255 309 2304 nem
321 2235 519 2306 naturalem
541 2235 718 2307 «extendi
732 2237 863 2307 directe
877 2241 1016 2306 tantum
1037 2235 1081 2306 ad
1105 2235 1299 2327 subjectum

229 2347 481 2442 percipiens...,
508 2349 647 2442 oblique
670 2351 716 2420 ad
742 2349 965 2422 alterationes
994 2351 1032 2420 in
1051 2373 1088 2421 se
1111 2349 1222 2422 factas
1246 2373 1299 2422 ea-

230 2485 375 2556 rumque
393 2487 514 2535 causas
530 2471 566 2536 et
587 2466 632 2535 ad
651 2465 794 2537 effectus
815 2489 836 2536 a
858 2488 895 2538 se
916 2466 1143 2556 oriundos...;
1169 2495 1187 2532 »
1214 2467 1298 2538 item

232 2606 248 2641 «
277 2584 415 2648 naturae
441 2578 623 2668 virtutem,
651 2585 725 2650 tam
749 2580 969 2672 prudentem,
1000 2586 1073 2650 tam
1104 2580 1296 2674 sapientem

229 2693 322 2763 domi
349 2696 483 2784 (nempe
506 2693 543 2762 in
563 2691 656 2764 fetus
675 2693 893 2784 formatione,
918 2717 1022 2787 quam
1037 2698 1223 2765 αὐτοδίδακτος
1237 2717 1299 2787 ag-

228 2805 413 2898 graditur),
430 2805 625 2876 nihiliores
636 2806 796 2898 judicare
809 2815 871 2878 aut
883 2829 999 2900 agere,
1013 2809 1109 2879 intus
1125 2808 1297 2898 habitare,

229 2919 295 2990 sibi
311 2920 376 2990 soli
396 2921 602 3013 prospicere,
621 2921 688 2992 sibi
708 2922 772 2992 soli
795 2921 928 3018 viuere.
946 2951 963 2987 a
981 2923 1112 2994 Verum
1135 2923 1300 2994 non'ideo
1363 2947 1365 2952 ’

227 3032 404 3126 putandus
418 3042 470 3106 est
484 3034 668 3105 monadem
680 3034 778 3106 illam
792 3035 908 3106 animo
920 3036 1130 3130 concepisse,
1145 3039 1298 3109 clausam

227 3156 264 3218 et
285 3148 551 3243 circumseptam
578 3158 615 3220 et
632 3153 783 3238 fenestris
808 3150 949 3228 omnino
974 3157 1163 3224 carentem.
1186 3151 1299 3236 Quam

227 3261 312 3334 adeo
325 3286 393 3334 non
403 3263 558 3352 invenit,
573 3272 613 3334 ut
627 3264 670 3336 de
684 3293 699 3330 α
713 3265 849 3336 actione
863 3271 1096 3338 transeunte»
1109 3265 1298 3360 saepissime

227 3376 331 3460 dicat,
353 3378 566 3449 substantias
591 3377 684 3448 inter
709 3401 746 3450 se
767 3379 899 3450 directo
919 3380 1020 3450 modo
1039 3380 1297 3452 communicare

226 3513 290 3561 nec
307 3513 377 3561 non
394 3514 429 3562 se
441 3491 593 3562 invicem
604 3499 787 3585 penetrare
796 3493 900 3586 plane
914 3493 1091 3584 admittat,
1103 3496 1172 3567 imo
1186 3494 1293 3566 etiam

226 3605 268 3677 de
292 3607 432 3678 illarum
458 3607 551 3678 inter
573 3631 611 3680 se
641 3607 845 3680 commercio
872 3632 916 3680 ne
948 3609 1118 3682 sollicitus
1153 3611 1292 3704 quidem

225 3719 332 3791 fuisse
345 3720 517 3792 videatur.
535 3723 649 3793 Solam
665 3723 798 3794 scilicet
821 3725 1080 3816 perceptionem
1097 3725 1291 3796 naturalem

224 3857 286 3906 seu
300 3834 490 3928 simplicem
508 3839 599 3930 (qua,
616 3863 651 3908 u.
665 3863 713 3930 g.,
728 3861 875 3930 granum
891 3841 1068 3910 triticeum
1080 3863 1118 3911 se
1130 3849 1245 3911 satum
1255 3840 1293 3910 in

224 3949 379 4041 plantam
395 3949 547 4040 format),
565 3952 615 4021 ita
631 3952 809 4040 describit,
836 3962 876 4022 ut
901 3981 918 4021 ι(
941 3953 1117 4045 propriam
1137 3960 1292 4024 tantum·

224 4064 324 4133 modo
346 4065 527 4135 entitatem
553 4094 570 4130 a
595 4066 772 4158 percipere
798 4065 947 4155 dicatur,
974 4089 1099 4159 nempe
1122 4074 1293 4160 quatenus

223 4177 342 4247 sensui
356 4200 417 4248 seu
427 4178 616 4271 duplicatae
630 4179 844 4272 perceptioni
859 4181 1058 4273 opponitur,
1080 4209 1095 4246 a
1116 4180 1215 4272 cujus
1230 4182 1290 4254 cb·

220 4286 352 4386 jectum
366 4297 419 4361 est
435 4292 564 4362 entitas
578 4299 756 4364 extranea.
773 4322 791 4356 »
