3196 5228
641 609 800 670 -53..

232 741 352 814 Porro.
374 739 641 924 «Maneq'idem
663 739 885 812 individuum
907 740 1063 835 quandiu
1088 741 1262 814 retinetur

187 856 309 928 eadem
343 853 421 926 idea
449 853 521 925 ind'
551 855 678 925 idualis
707 878 728 925 a
755 860 946 948 generante
976 855 1020 927 ab
1053 853 1157 926 initio
1193 855 1260 926 im-

187 993 347 1066 pressa...
365 999 382 1034 a
399 971 511 1040 Actus
526 969 625 1041 enim
647 992 715 1064 quo
736 975 863 1040 natura
887 967 1130 1041 substantialis
1145 959 1260 1042 deter-

190 1083 346 1156 minatur
358 1081 402 1154 ad
421 1091 553 1155 certum
563 1081 793 1178 suppositum,
813 1083 1009 1176 «supponit
1024 1081 1139 1155 ideam
1154 1084 1204 1156 rei
1218 1108 1258 1158 eo

186 1205 269 1270 actu
285 1199 477 1292 productae.
499 1227 512 1261 v
544 1225 561 1263 «
576 1196 719 1269 Frustra
734 1197 829 1270 enim
843 1195 973 1269 dicitur
985 1205 1112 1269 natura
1127 1198 1259 1270 confoe·

185 1311 312 1393 derari,
329 1310 359 1383 si
374 1312 507 1383 nesciat
521 1311 557 1381 id
570 1312 606 1382 in
623 1309 715 1405 quod
725 1309 1023 1382 confoederatur...
1035 1307 1165 1382 etenim
1175 1333 1259 1382 con-

183 1423 367 1494 foederatio
392 1431 445 1494 est
462 1431 560 1496 actus
580 1423 677 1509 vitae,
702 1431 737 1495 et
763 1429 1022 1517 consequenter
1037 1423 1260 1518 perceptivus

186 1537 283 1610 sui...
297 1544 332 1610 et
341 1539 507 1633 supponit
516 1537 629 1609 ideam
639 1535 886 1632 quaobjective
895 1537 1146 1623 terminetur...
1158 1537 1258 1611 lndi-

185 1649 341 1724 vidualis
355 1651 431 1722 haec
445 1651 523 1722 idea
538 1675 558 1722 a
571 1650 742 1747 principio
759 1651 804 1722 ad
827 1651 932 1723 finem
951 1651 1148 1724 durationis
1163 1651 1258 1724 indi·

185 1767 286 1848 vidui
309 1765 546 1838 continuatur.
588 1765 794 1862 Qrvanquam
820 1767 913 1836 enim
950 1765 1098 1838 materia
1129 1769 1257 1839 sensim

186 1885 380 1970 mutetur¹‚
404 1903 494 1951 nova
512 1888 645 1967 tamen,
671 1904 750 1975 quae
773 1880 810 1950 in
824 1881 899 1951 loco
922 1879 1049 1974 prioris
1068 1877 1254 1971 sufficitur,

187 1989 390 2082 priusquam
414 1985 556 2058 admitti
579 1994 706 2081 potest,
725 1986 899 2075 domatur,
925 1993 960 2058 et
985 1987 1123 2080 cogitur
1146 1989 1257 2060 susci·

187 2125 269 2196 pere
283 2099 395 2173 ideam
413 2099 590 2202 individui
607 2101 781 2172 domantis
792 2102 818 2170 ².
840 2129 857 2166 a
875 2099 932 2192 (V,
948 2099 1021 2193 28.)

233 2237 250 2273 «
280 2207 423 2293 Quaeres
451 2209 621 2303 quomodo
648 2208 726 2279 idea
748 2213 894 2279 vocetur
919 2210 1052 2300 eadem,
1080 2232 1160 2282 cum
1187 2233 1258 2284 non

189 2323 346 2394 dimanet
356 2323 401 2395 ab
412 2322 532 2395 eadem
544 2323 717 2395 materiali
730 2345 833 2395 causa
843 2346 864 2393 a
874 2345 942 2417 qua
951 2325 1065 2417 primo
1076 2325 1256 2419 profluxit.

186 2437 401 2532 Respondeo,
417 2435 455 2507 in
470 2437 583 2530 prima
598 2437 890 2508 determinatione
909 2444 1047 2509 naturae
1060 2437 1104 2510 ad
1122 2439 1256 2512 indivi-

186 2553 294 2624 duum
319 2551 488 2624 caducum
512 2551 682 2623 resultare
706 2550 833 2640 ideam,
857 2574 927 2622 non
945 2553 1058 2625 solum
1084 2556 1256 2628 actualem

182 2667 366 2763 praesentis
387 2672 511 2754 status,
539 2665 599 2738 sed
624 2674 659 2738 et
680 2665 906 2760 potentialem
928 2666 1038 2738 futuri
1050 2691 1061 2757 3
1093 2671 1154 2742 sed
1178 2693 1257 2743 eum

182 2781 328 2876 aliquali
342 2779 537 2851 variatione
548 2802 590 2849 ex
607 2785 705 2873 parte
721 2777 851 2851 decreti
862 2787 999 2852 naturae
1013 2784 1181 2877 requisita
1192 2787 1218 2856 ⁸.
1238 2815 1255 2851 »

182 2897 304 2967 Potest
322 2893 417 2966 enim
439 2891 518 2966 idea
542 2917 616 2965 rem
643 2894 896 2987 quadamtenus
923 2897 1115 2990 anticipare
1127 2921 1138 2987 ;
1163 2920 1199 2972 v.
1220 2925 1254 2994 g.

183 3011 219 3082 in
235 3008 381 3081 materia
399 3008 467 3081 rite
496 3007 676 3102 disposita,
695 3030 818 3102 nempe
844 3010 1019 3094 seminali,
1044 3020 1159 3105 potest
1177 3014 1257 3087 idea

184 3129 404 3195 antevertere
433 3129 564 3194 statum
589 3122 778 3194 formatum
801 3122 933 3215 plantae
957 3131 1019 3194 aut
1047 3126 1209 3197 animalis
1236 3152 1257 3198 a

183 3242 311 3308 natura
328 3236 521 3330 respective
533 3235 723 3307 intentum.
742 3264 759 3300 a
783 3278 813 3288 -
837 3237 1003 3308 «Natura
1019 3236 1111 3310 enim
1127 3240 1256 3312 confoe-

185 3351 305 3423 derata
329 3374 399 3422 non
420 3358 560 3421 tantum
577 3359 659 3421 actu
675 3349 931 3422 determinatur
944 3353 987 3423 de
1001 3353 1178 3446 praesenti,
1196 3356 1257 3427 sed

183 3473 219 3537 et
246 3463 489 3558 potentialiter
513 3485 575 3534 seu
606 3463 891 3556 aptitudinaliter
914 3465 957 3535 de
981 3465 1112 3538 futuro.
1141 3467 1257 3552 Quare

185 3584 322 3649 naturae
347 3577 396 3648 sic
411 3576 656 3647 determinatae
672 3575 750 3647 idea
774 3597 843 3645 non
864 3582 1004 3649 tantum
1027 3588 1256 3672 repraesentat

212 3817 220 3851 ⁴
241 3817 325 3869 Leibn.
337 3818 378 3868 Ad
390 3819 511 3880 uereor,
524 3832 558 3880 ιν,
571 3830 585 3868 u
599 3817 655 3868 lieet
670 3829 698 3867 ea
713 3815 824 3868 machina
838 3817 863 3868 iu
875 3818 940 3868 fluxu
953 3821 1078 3886 consistet,
1091 3827 1255 3890 perpetuoque

182 3901 322 3961 reparetur,
335 3903 362 3947 nt
373 3899 442 3948 navis
456 3899 552 3950 Thesei.
564 3913 578 3950 rr

213 3977 225 4011 2
242 3977 311 4028 Haud
323 3977 395 4028 aliter
406 3978 443 4030 Cl.
457 3979 566 4030 Bernard
582 3985 664 4030 noster
676 3980 762 4044 cuique
775 3981 882 4044 organici
895 3984 1004 4047 corporis
1017 3985 1078 4047 parti
1092 3997 1160 4034 susm
1177 3985 1256 4034 inesse

181 4058 250 4122 qrrasi
263 4074 276 4104 r
287 4059 414 4110 rectricem
424 4059 501 4109 ideam
512 4075 525 4110 a
536 4060 617 4111 dicere
629 4060 730 4110 solebat.

213 4139 225 4173 ³
242 4139 591 4201 cr.1.eil›n.rduesssosses,
607 4142 676 4205 epist.
690 4156 778 4192 rxvrrr.
792 4143 885 4202 Erdm..
903 4160 927 4210 p.
945 4146 1000 4206 728,
1012 4147 1058 4197 eol.
1071 4147 1094 4197 l.
1107 4160 1121 4196 u
1136 4147 1194 4196 llaec
1203 4148 1253 4210 ipsa

183 4226 269 4270 notura
289 4220 431 4271 substantiae
452 4231 486 4272 esi
506 4229 532 4271 ut
554 4235 660 4288 praesens
672 4222 704 4270 sit
716 4223 840 4284 gravidum
854 4224 946 4288 loturo,
963 4232 988 4275 et
1004 4233 1031 4276 ut
1047 4242 1076 4277 ex
1090 4242 1137 4276 uuo
1154 4227 1255 4289 intelligi

181 4301 272 4365 possint
283 4301 372 4352 omnis.
391 4317 405 4352 r>
