<?xml version="1.0" encoding="UTF-8"?>
<!DOCTYPE html PUBLIC "-//W3C//DTD XHTML 1.0 Transitional//EN"
    "http://www.w3.org/TR/xhtml1/DTD/xhtml1-transitional.dtd">
<html xmlns="http://www.w3.org/1999/xhtml" xml:lang="en" lang="en">
 <head>
  <title>
</title>
<meta http-equiv="Content-Type" content="text/html;charset=utf-8" />
  <meta name='ocr-system' content='tesseract 3.04.00' />
  <meta name='ocr-capabilities' content='ocr_page ocr_carea ocr_par ocr_line ocrx_word'/>
</head>
<body>
  <div class='ocr_page' id='page_1' title='image "./franciscusgliss00marigoog_0050.png"; bbox 0 0 3196 5228; ppageno 0'>
   <div class='ocr_carea' id='block_1_1' title="bbox 660 620 820 682">
    <p class='ocr_par' dir='ltr' id='par_1_1' title="bbox 660 620 820 682">
     <span class='ocr_line' id='line_1_1' title="bbox 660 620 820 682; baseline -0.013 -12"><span class='ocrx_word' id='word_1_1' title='bbox 660 620 820 682; x_wconf 74' lang='grc'>..11-</span> 
     </span>
    </p>
   </div>
   <div class='ocr_carea' id='block_1_2' title="bbox 182 743 1272 4233">
    <p class='ocr_par' dir='ltr' id='par_1_2' title="bbox 206 743 1272 1524">
     <span class='ocr_line' id='line_1_2' title="bbox 207 743 1271 842; baseline 0 -26"><span class='ocrx_word' id='word_1_2' title='bbox 207 743 314 818; x_wconf 85' lang='lat' dir='ltr'><strong>hebet</strong></span> <span class='ocrx_word' id='word_1_3' title='bbox 335 746 391 818; x_wconf 88' lang='lat' dir='ltr'><strong>sui</strong></span> <span class='ocrx_word' id='word_1_4' title='bbox 412 745 549 838; x_wconf 85' lang='lat' dir='ltr'><strong>objecti,</strong></span> <span class='ocrx_word' id='word_1_5' title='bbox 579 745 676 820; x_wconf 91' lang='lat' dir='ltr'><strong>nullo</strong></span> <span class='ocrx_word' id='word_1_6' title='bbox 700 769 814 819; x_wconf 90' lang='lat' dir='ltr'><strong>errore</strong></span> <span class='ocrx_word' id='word_1_7' title='bbox 837 747 1058 842; x_wconf 80' lang='lat' dir='ltr'><strong>permixtam,</strong></span> <span class='ocrx_word' id='word_1_8' title='bbox 1081 744 1271 839; x_wconf 76' lang='lat' dir='ltr'>simplicem</span> 
     </span>
     <span class='ocr_line' id='line_1_3' title="bbox 208 860 1272 953; baseline 0.003 -24"><span class='ocrx_word' id='word_1_9' title='bbox 208 860 384 952; x_wconf 79' lang='lat' dir='ltr'><strong>notitiam,</strong></span> <span class='ocrx_word' id='word_1_10' title='bbox 416 871 452 934; x_wconf 88' lang='lat' dir='ltr'><strong>et</strong></span> <span class='ocrx_word' id='word_1_11' title='bbox 482 862 722 935; x_wconf 85' lang='lat' dir='ltr'><strong>admirandam</strong></span> <span class='ocrx_word' id='word_1_12' title='bbox 749 861 854 934; x_wconf 79' lang='lat' dir='ltr'><strong>fetus</strong></span> <span class='ocrx_word' id='word_1_13' title='bbox 881 861 1137 949; x_wconf 88' lang='lat' dir='ltr'><strong>formationem,</strong></span> <span class='ocrx_word' id='word_1_14' title='bbox 1167 883 1272 953; x_wconf 91' lang='lat' dir='ltr'><strong>quam</strong></span> 
     </span>
     <span class='ocr_line' id='line_1_4' title="bbox 209 975 1272 1070; baseline -0.002 -24"><span class='ocrx_word' id='word_1_15' title='bbox 209 977 392 1046; x_wconf 67' lang='grc' dir='ltr'>αὐτοδίδακτος</span> <span class='ocrx_word' id='word_1_16' title='bbox 426 977 627 1070; x_wconf 78' lang='lat' dir='ltr'><strong>aggreditur</strong></span> <span class='ocrx_word' id='word_1_17' title='bbox 661 984 696 1049; x_wconf 87' lang='lat' dir='ltr'><strong>et</strong></span> <span class='ocrx_word' id='word_1_18' title='bbox 727 977 787 1049; x_wconf 89' lang='lat' dir='ltr'><strong>via</strong></span> <span class='ocrx_word' id='word_1_19' title='bbox 826 975 1165 1069; x_wconf 88' lang='lat' dir='ltr'><strong>compendiosissima</strong></span> <span class='ocrx_word' id='word_1_20' title='bbox 1198 997 1272 1068; x_wconf 89' lang='lat' dir='ltr'><strong>per·</strong></span> 
     </span>
     <span class='ocr_line' id='line_1_5' title="bbox 212 1088 1271 1184; baseline 0 -24"><span class='ocrx_word' id='word_1_21' title='bbox 212 1088 298 1162; x_wconf 84' lang='lat' dir='ltr'><strong>licit.</strong></span> <span class='ocrx_word' id='word_1_22' title='bbox 334 1119 352 1156; x_wconf 86' lang='lat'>»</span> <span class='ocrx_word' id='word_1_23' title='bbox 384 1118 402 1160; x_wconf 79' lang='lat' dir='ltr'><strong>o</strong></span> <span class='ocrx_word' id='word_1_24' title='bbox 430 1091 562 1166; x_wconf 88' lang='lat' dir='ltr'><strong>Verum</strong></span> <span class='ocrx_word' id='word_1_25' title='bbox 591 1092 667 1164; x_wconf 89' lang='lat' dir='ltr'><strong>haec</strong></span> <span class='ocrx_word' id='word_1_26' title='bbox 693 1090 877 1164; x_wconf 78' lang='lat' dir='ltr'><strong>formatrix</strong></span> <span class='ocrx_word' id='word_1_27' title='bbox 899 1097 971 1161; x_wconf 88' lang='lat' dir='ltr'><strong>tarn</strong></span> <span class='ocrx_word' id='word_1_28' title='bbox 1004 1089 1169 1184; x_wconf 88' lang='lat' dir='ltr'><strong>prudens,</strong></span> <span class='ocrx_word' id='word_1_29' title='bbox 1198 1095 1271 1160; x_wconf 89' lang='lat' dir='ltr'><strong>tarn</strong></span> 
     </span>
     <span class='ocr_line' id='line_1_6' title="bbox 208 1202 1270 1296; baseline -0.005 -18"><span class='ocrx_word' id='word_1_30' title='bbox 208 1203 346 1296; x_wconf 87' lang='lat' dir='ltr'><strong>sapiens</strong></span> <span class='ocrx_word' id='word_1_31' title='bbox 383 1204 488 1296; x_wconf 87' lang='lat' dir='ltr'><strong>dorni,</strong></span> <span class='ocrx_word' id='word_1_32' title='bbox 528 1203 618 1276; x_wconf 92' lang='lat' dir='ltr'><strong>nihil</strong></span> <span class='ocrx_word' id='word_1_33' title='bbox 653 1205 744 1276; x_wconf 88' lang='lat' dir='ltr'><strong>foras</strong></span> <span class='ocrx_word' id='word_1_34' title='bbox 777 1203 914 1296; x_wconf 85' lang='lat' dir='ltr'><strong>judicat</strong></span> <span class='ocrx_word' id='word_1_35' title='bbox 946 1210 1008 1275; x_wconf 91' lang='lat' dir='ltr'><strong>aut</strong></span> <span class='ocrx_word' id='word_1_36' title='bbox 1041 1204 1127 1296; x_wconf 83' lang='lat' dir='ltr'><strong>agit.</strong></span> <span class='ocrx_word' id='word_1_37' title='bbox 1169 1202 1270 1274; x_wconf 83' lang='lat' dir='ltr'><strong>Intus</strong></span> 
     </span>
     <span class='ocr_line' id='line_1_7' title="bbox 207 1315 1269 1414; baseline -0.002 -26"><span class='ocrx_word' id='word_1_38' title='bbox 207 1317 355 1407; x_wconf 86' lang='lat' dir='ltr'><strong>habitat,</strong></span> <span class='ocrx_word' id='word_1_39' title='bbox 373 1319 441 1391; x_wconf 90' lang='lat' dir='ltr'><strong>sibi</strong></span> <span class='ocrx_word' id='word_1_40' title='bbox 459 1320 523 1392; x_wconf 88' lang='lat' dir='ltr'><strong>soli</strong></span> <span class='ocrx_word' id='word_1_41' title='bbox 536 1318 715 1414; x_wconf 77' lang='lat' dir='ltr'><strong>prospicit,</strong></span> <span class='ocrx_word' id='word_1_42' title='bbox 726 1318 794 1391; x_wconf 91' lang='lat' dir='ltr'><strong>sibi</strong></span> <span class='ocrx_word' id='word_1_43' title='bbox 814 1316 878 1390; x_wconf 90' lang='lat' dir='ltr'><strong>soli</strong></span> <span class='ocrx_word' id='word_1_44' title='bbox 898 1315 988 1388; x_wconf 82' lang='lat' dir='ltr'><strong>vivit</strong></span> <span class='ocrx_word' id='word_1_45' title='bbox 1003 1318 1060 1388; x_wconf 88' lang='lat'><strong>¹.»</strong></span> <span class='ocrx_word' id='word_1_46' title='bbox 1080 1315 1146 1406; x_wconf 82' lang='lat' dir='ltr'><strong>(Ad</strong></span> <span class='ocrx_word' id='word_1_47' title='bbox 1162 1315 1269 1386; x_wconf 88' lang='lat' dir='ltr'><strong>lecto·</strong></span> 
     </span>
     <span class='ocr_line' id='line_1_8' title="bbox 206 1433 409 1524; baseline 0.01 -22"><span class='ocrx_word' id='word_1_48' title='bbox 206 1453 290 1520; x_wconf 89' lang='lat' dir='ltr'><strong>rem,</strong></span> <span class='ocrx_word' id='word_1_49' title='bbox 307 1442 325 1521; x_wconf 82' lang='lat'>§</span> <span class='ocrx_word' id='word_1_50' title='bbox 342 1433 409 1524; x_wconf 80' lang='grc'>14.)</span> 
     </span>
    </p>

    <p class='ocr_par' dir='ltr' id='par_1_3' title="bbox 202 1541 1270 3012">
     <span class='ocr_line' id='line_1_9' title="bbox 249 1541 1269 1639; baseline 0 -25"><span class='ocrx_word' id='word_1_51' title='bbox 249 1543 417 1638; x_wconf 83' lang='lat' dir='ltr'><strong>Exposita</strong></span> <span class='ocrx_word' id='word_1_52' title='bbox 442 1547 554 1620; x_wconf 90' lang='lat' dir='ltr'><strong>obiter</strong></span> <span class='ocrx_word' id='word_1_53' title='bbox 576 1545 800 1620; x_wconf 84' lang='lat' dir='ltr'><strong>Celeberrimi</strong></span> <span class='ocrx_word' id='word_1_54' title='bbox 824 1545 957 1618; x_wconf 82' lang='lat' dir='ltr'><strong>Harrei</strong></span> <span class='ocrx_word' id='word_1_55' title='bbox 974 1544 1148 1639; x_wconf 88' lang='lat' dir='ltr'><strong>opinione,</strong></span> <span class='ocrx_word' id='word_1_56' title='bbox 1172 1571 1189 1608; x_wconf 71' lang='grc' dir='ltr'><strong>ε(</strong></span> <span class='ocrx_word' id='word_1_57' title='bbox 1209 1541 1269 1636; x_wconf 93' lang='lat' dir='ltr'><strong>qui</strong></span> 
     </span>
     <span class='ocr_line' id='line_1_10' title="bbox 205 1655 1268 1753; baseline -0.003 -24"><span class='ocrx_word' id='word_1_58' title='bbox 205 1680 275 1730; x_wconf 92' lang='lat' dir='ltr'><strong>non</strong></span> <span class='ocrx_word' id='word_1_59' title='bbox 290 1658 429 1752; x_wconf 86' lang='lat' dir='ltr'><strong>longius</strong></span> <span class='ocrx_word' id='word_1_60' title='bbox 444 1663 487 1732; x_wconf 91' lang='lat' dir='ltr'><strong>ab</strong></span> <span class='ocrx_word' id='word_1_61' title='bbox 504 1661 569 1732; x_wconf 90' lang='lat' dir='ltr'><strong>hoc</strong></span> <span class='ocrx_word' id='word_1_62' title='bbox 578 1660 712 1751; x_wconf 91' lang='lat' dir='ltr'><strong>judicio</strong></span> <span class='ocrx_word' id='word_1_63' title='bbox 735 1662 868 1746; x_wconf 86' lang='lat' dir='ltr'><strong>aberat,</strong></span> <span class='ocrx_word' id='word_1_64' title='bbox 892 1680 1090 1753; x_wconf 90' lang='lat' dir='ltr'><strong>quanquam</strong></span> <span class='ocrx_word' id='word_1_65' title='bbox 1108 1655 1268 1727; x_wconf 91' lang='lat' dir='ltr'><strong>nonnihil</strong></span> 
     </span>
     <span class='ocr_line' id='line_1_11' title="bbox 205 1769 1265 1868; baseline -0.01 -18"><span class='ocrx_word' id='word_1_66' title='bbox 205 1771 363 1852; x_wconf 80' lang='lat' dir='ltr'><strong>dubitem</strong></span> <span class='ocrx_word' id='word_1_67' title='bbox 375 1796 420 1846; x_wconf 92' lang='lat' dir='ltr'><strong>an</strong></span> <span class='ocrx_word' id='word_1_68' title='bbox 443 1774 618 1868; x_wconf 87' lang='lat' dir='ltr'><strong>perceptio</strong></span> <span class='ocrx_word' id='word_1_69' title='bbox 633 1773 804 1847; x_wconf 89' lang='lat' dir='ltr'><strong>naturalis</strong></span> <span class='ocrx_word' id='word_1_70' title='bbox 815 1773 847 1845; x_wconf 93' lang='lat' dir='ltr'><strong>ei</strong></span> <span class='ocrx_word' id='word_1_71' title='bbox 861 1773 1012 1866; x_wconf 85' lang='lat' dir='ltr'><strong>perfecte</strong></span> <span class='ocrx_word' id='word_1_72' title='bbox 1025 1769 1230 1858; x_wconf 88' lang='lat' dir='ltr'><strong>innotuerit,</strong></span> <span class='ocrx_word' id='word_1_73' title='bbox 1249 1796 1265 1832; x_wconf 75' lang='lat' dir='ltr'><strong>a</strong></span> 
     </span>
     <span class='ocr_line' id='line_1_12' title="bbox 204 1885 1268 1983; baseline 0 -26"><span class='ocrx_word' id='word_1_74' title='bbox 204 1887 380 1958; x_wconf 77' lang='lat' dir='ltr'><strong>concludit</strong></span> <span class='ocrx_word' id='word_1_75' title='bbox 404 1886 624 1960; x_wconf 86' lang='lat' dir='ltr'><strong>Glissonins:</strong></span> <span class='ocrx_word' id='word_1_76' title='bbox 646 1888 717 1960; x_wconf 92' lang='lat' dir='ltr'><strong>vim</strong></span> <span class='ocrx_word' id='word_1_77' title='bbox 740 1890 929 1983; x_wconf 88' lang='lat' dir='ltr'><strong>plasticam</strong></span> <span class='ocrx_word' id='word_1_78' title='bbox 947 1885 1099 1957; x_wconf 88' lang='lat' dir='ltr'><strong>naturali</strong></span> <span class='ocrx_word' id='word_1_79' title='bbox 1127 1907 1268 1979; x_wconf 89' lang='lat' dir='ltr'><strong>percep-</strong></span> 
     </span>
     <span class='ocr_line' id='line_1_13' title="bbox 203 1999 1267 2099; baseline -0.003 -25"><span class='ocrx_word' id='word_1_80' title='bbox 203 2001 299 2074; x_wconf 84' lang='lat' dir='ltr'><strong>tione</strong></span> <span class='ocrx_word' id='word_1_81' title='bbox 319 2001 425 2096; x_wconf 85' lang='lat' dir='ltr'><strong>dirigi</strong></span> <span class='ocrx_word' id='word_1_82' title='bbox 431 2027 441 2093; x_wconf 82' lang='lat'><em>3</em></span> <span class='ocrx_word' id='word_1_83' title='bbox 460 2004 520 2076; x_wconf 89' lang='lat' dir='ltr'><strong>sed</strong></span> <span class='ocrx_word' id='word_1_84' title='bbox 543 2004 736 2099; x_wconf 77' lang='lat' dir='ltr'><strong>«simplici,</strong></span> <span class='ocrx_word' id='word_1_85' title='bbox 752 2004 884 2076; x_wconf 90' lang='lat' dir='ltr'><strong>directo</strong></span> <span class='ocrx_word' id='word_1_86' title='bbox 899 2009 935 2074; x_wconf 87' lang='lat' dir='ltr'><strong>et</strong></span> <span class='ocrx_word' id='word_1_87' title='bbox 951 2001 1145 2074; x_wconf 86' lang='lat' dir='ltr'><strong>necessario</strong></span> <span class='ocrx_word' id='word_1_88' title='bbox 1166 1999 1267 2072; x_wconf 92' lang='lat' dir='ltr'><strong>modo</strong></span> 
     </span>
     <span class='ocr_line' id='line_1_14' title="bbox 204 2115 1267 2213; baseline -0.003 -25"><span class='ocrx_word' id='word_1_89' title='bbox 204 2116 425 2209; x_wconf 89' lang='lat' dir='ltr'><strong>procedendi,</strong></span> <span class='ocrx_word' id='word_1_90' title='bbox 439 2121 569 2213; x_wconf 89' lang='lat' dir='ltr'><strong>absque</strong></span> <span class='ocrx_word' id='word_1_91' title='bbox 584 2127 672 2208; x_wconf 89' lang='lat' dir='ltr'><strong>arte,</strong></span> <span class='ocrx_word' id='word_1_92' title='bbox 691 2118 940 2190; x_wconf 86' lang='lat' dir='ltr'><strong>deliberatione</strong></span> <span class='ocrx_word' id='word_1_93' title='bbox 954 2127 1014 2188; x_wconf 85' lang='lat' dir='ltr'><strong>aut</strong></span> <span class='ocrx_word' id='word_1_94' title='bbox 1029 2115 1185 2204; x_wconf 88' lang='lat' dir='ltr'><strong>consilio,</strong></span> <span class='ocrx_word' id='word_1_95' title='bbox 1197 2115 1267 2186; x_wconf 90' lang='lat' dir='ltr'><strong>imo</strong></span> 
     </span>
     <span class='ocr_line' id='line_1_15' title="bbox 203 2228 1268 2325; baseline 0 -25"><span class='ocrx_word' id='word_1_96' title='bbox 203 2230 333 2324; x_wconf 89' lang='lat' dir='ltr'><strong>absque</strong></span> <span class='ocrx_word' id='word_1_97' title='bbox 352 2231 487 2304; x_wconf 90' lang='lat' dir='ltr'><strong>ratione</strong></span> <span class='ocrx_word' id='word_1_98' title='bbox 505 2240 567 2304; x_wconf 90' lang='lat' dir='ltr'><strong>ant</strong></span> <span class='ocrx_word' id='word_1_99' title='bbox 586 2232 781 2320; x_wconf 86' lang='lat' dir='ltr'><strong>ratiocinio,</strong></span> <span class='ocrx_word' id='word_1_100' title='bbox 800 2263 813 2296; x_wconf 76' lang='lat' dir='ltr'><strong>o</strong></span> <span class='ocrx_word' id='word_1_101' title='bbox 840 2254 926 2325; x_wconf 90' lang='lat' dir='ltr'><strong>opus</strong></span> <span class='ocrx_word' id='word_1_102' title='bbox 948 2254 1049 2302; x_wconf 90' lang='lat' dir='ltr'><strong>suum</strong></span> <span class='ocrx_word' id='word_1_103' title='bbox 1076 2228 1268 2322; x_wconf 86' lang='lat' dir='ltr'><strong>perfeetum</strong></span> 
     </span>
     <span class='ocr_line' id='line_1_16' title="bbox 203 2341 1270 2438; baseline -0.003 -23"><span class='ocrx_word' id='word_1_104' title='bbox 203 2341 316 2416; x_wconf 87' lang='lat' dir='ltr'><strong>edere.</strong></span> <span class='ocrx_word' id='word_1_105' title='bbox 338 2377 350 2408; x_wconf 75' lang='lat' dir='ltr'><strong>a</strong></span> <span class='ocrx_word' id='word_1_106' title='bbox 367 2345 454 2417; x_wconf 86' lang='lat' dir='ltr'><strong>Haec</strong></span> <span class='ocrx_word' id='word_1_107' title='bbox 467 2345 634 2438; x_wconf 83' lang='lat' dir='ltr'><strong>perfectio</strong></span> <span class='ocrx_word' id='word_1_108' title='bbox 655 2349 707 2434; x_wconf 86' lang='lat' dir='ltr'><strong>(ut</strong></span> <span class='ocrx_word' id='word_1_109' title='bbox 722 2353 815 2416; x_wconf 86' lang='lat' dir='ltr'><strong>reete</strong></span> <span class='ocrx_word' id='word_1_110' title='bbox 827 2351 925 2416; x_wconf 88' lang='lat' dir='ltr'><strong>notat</strong></span> <span class='ocrx_word' id='word_1_111' title='bbox 940 2344 1113 2433; x_wconf 87' lang='lat' dir='ltr'><strong>Harveus)</strong></span> <span class='ocrx_word' id='word_1_112' title='bbox 1129 2365 1199 2413; x_wconf 94' lang='lat' dir='ltr'><strong>non</strong></span> <span class='ocrx_word' id='word_1_113' title='bbox 1216 2347 1270 2413; x_wconf 88' lang='lat' dir='ltr'><strong>est</strong></span> 
     </span>
     <span class='ocr_line' id='line_1_17' title="bbox 202 2457 1269 2554; baseline -0.001 -26"><span class='ocrx_word' id='word_1_114' title='bbox 202 2457 410 2530; x_wconf 89' lang='lat' dir='ltr'><strong>aestimanda</strong></span> <span class='ocrx_word' id='word_1_115' title='bbox 424 2459 559 2553; x_wconf 86' lang='lat' dir='ltr'><strong>quasia</strong></span> <span class='ocrx_word' id='word_1_116' title='bbox 576 2459 827 2554; x_wconf 86' lang='lat' dir='ltr'><strong>perfectissimo</strong></span> <span class='ocrx_word' id='word_1_117' title='bbox 843 2459 944 2531; x_wconf 93' lang='lat' dir='ltr'><strong>modo</strong></span> <span class='ocrx_word' id='word_1_118' title='bbox 957 2458 1178 2551; x_wconf 84' lang='lat' dir='ltr'><strong>intelligendi</strong></span> <span class='ocrx_word' id='word_1_119' title='bbox 1191 2480 1269 2550; x_wconf 89' lang='lat' dir='ltr'><strong>per-</strong></span> 
     </span>
     <span class='ocr_line' id='line_1_18' title="bbox 203 2569 1268 2664; baseline 0 -22"><span class='ocrx_word' id='word_1_120' title='bbox 203 2572 339 2646; x_wconf 90' lang='lat' dir='ltr'><strong>veniret</strong></span> <span class='ocrx_word' id='word_1_121' title='bbox 353 2574 380 2662; x_wconf 83' lang='lat'><strong>²,</strong></span> <span class='ocrx_word' id='word_1_122' title='bbox 396 2595 476 2646; x_wconf 92' lang='lat' dir='ltr'><strong>cum</strong></span> <span class='ocrx_word' id='word_1_123' title='bbox 490 2572 537 2645; x_wconf 86' lang='lat' dir='ltr'><strong>sit</strong></span> <span class='ocrx_word' id='word_1_124' title='bbox 550 2573 746 2646; x_wconf 89' lang='lat' dir='ltr'><strong>humillima</strong></span> <span class='ocrx_word' id='word_1_125' title='bbox 767 2581 803 2646; x_wconf 89' lang='lat' dir='ltr'><strong>et</strong></span> <span class='ocrx_word' id='word_1_126' title='bbox 822 2573 942 2646; x_wconf 89' lang='lat' dir='ltr'><strong>infima</strong></span> <span class='ocrx_word' id='word_1_127' title='bbox 955 2572 1048 2645; x_wconf 90' lang='lat' dir='ltr'><strong>basis</strong></span> <span class='ocrx_word' id='word_1_128' title='bbox 1064 2569 1176 2643; x_wconf 89' lang='lat' dir='ltr'><strong>omnis</strong></span> <span class='ocrx_word' id='word_1_129' title='bbox 1190 2593 1268 2664; x_wconf 87' lang='lat' dir='ltr'><strong>per-</strong></span> 
     </span>
     <span class='ocr_line' id='line_1_19' title="bbox 203 2685 1269 2782; baseline 0 -26"><span class='ocrx_word' id='word_1_130' title='bbox 203 2686 373 2780; x_wconf 90' lang='lat' dir='ltr'><strong>ceptionis</strong></span> <span class='ocrx_word' id='word_1_131' title='bbox 402 2688 605 2779; x_wconf 85' lang='lat' dir='ltr'><strong>materialis,</strong></span> <span class='ocrx_word' id='word_1_132' title='bbox 623 2696 659 2762; x_wconf 86' lang='lat' dir='ltr'><strong>et</strong></span> <span class='ocrx_word' id='word_1_133' title='bbox 673 2712 794 2762; x_wconf 87' lang='lat' dir='ltr'><strong>sensus</strong></span> <span class='ocrx_word' id='word_1_134' title='bbox 819 2690 868 2762; x_wconf 90' lang='lat' dir='ltr'><strong>sit</strong></span> <span class='ocrx_word' id='word_1_135' title='bbox 890 2689 1016 2760; x_wconf 89' lang='lat' dir='ltr'><strong>ultima</strong></span> <span class='ocrx_word' id='word_1_136' title='bbox 1034 2686 1200 2782; x_wconf 85' lang='lat' dir='ltr'><strong>perfectio</strong></span> <span class='ocrx_word' id='word_1_137' title='bbox 1224 2685 1269 2756; x_wconf 88' lang='lat' dir='ltr'><strong>ad</strong></span> 
     </span>
     <span class='ocr_line' id='line_1_20' title="bbox 202 2798 1268 2896; baseline 0 -26"><span class='ocrx_word' id='word_1_138' title='bbox 202 2821 307 2896; x_wconf 90' lang='lat' dir='ltr'><strong>quam</strong></span> <span class='ocrx_word' id='word_1_139' title='bbox 323 2800 475 2894; x_wconf 89' lang='lat' dir='ltr'><strong>aspirare</strong></span> <span class='ocrx_word' id='word_1_140' title='bbox 490 2809 552 2873; x_wconf 89' lang='lat' dir='ltr'><strong>ant</strong></span> <span class='ocrx_word' id='word_1_141' title='bbox 566 2803 760 2896; x_wconf 89' lang='lat' dir='ltr'><strong>promoveri</strong></span> <span class='ocrx_word' id='word_1_142' title='bbox 776 2803 834 2876; x_wconf 85' lang='lat' dir='ltr'><strong>vel</strong></span> <span class='ocrx_word' id='word_1_143' title='bbox 849 2803 938 2876; x_wconf 91' lang='lat' dir='ltr'><strong>solet</strong></span> <span class='ocrx_word' id='word_1_144' title='bbox 951 2803 1008 2874; x_wconf 88' lang='lat' dir='ltr'><strong>vel</strong></span> <span class='ocrx_word' id='word_1_145' title='bbox 1020 2807 1147 2894; x_wconf 90' lang='lat' dir='ltr'><strong>potest.</strong></span> <span class='ocrx_word' id='word_1_146' title='bbox 1163 2825 1181 2866; x_wconf 90' lang='lat'><strong>&gt;›</strong></span> <span class='ocrx_word' id='word_1_147' title='bbox 1200 2798 1268 2890; x_wconf 85' lang='lat' dir='ltr'><strong>(Ad</strong></span> 
     </span>
     <span class='ocr_line' id='line_1_21' title="bbox 203 2913 513 3012; baseline 0.013 -26"><span class='ocrx_word' id='word_1_148' title='bbox 203 2913 396 3006; x_wconf 78' lang='lat' dir='ltr'><strong>lectorem,</strong></span> <span class='ocrx_word' id='word_1_149' title='bbox 411 2919 432 3010; x_wconf 63' lang='grc' dir='ltr'>ξ</span> <span class='ocrx_word' id='word_1_150' title='bbox 448 2918 513 3012; x_wconf 84' lang='grc'>15.)</span> 
     </span>
    </p>

    <p class='ocr_par' dir='ltr' id='par_1_4' title="bbox 182 3030 1266 3930">
     <span class='ocr_line' id='line_1_22' title="bbox 244 3030 1265 3129; baseline 0 -27"><span class='ocrx_word' id='word_1_151' title='bbox 244 3030 373 3104; x_wconf 82' lang='lat' dir='ltr'><strong>Eadem</strong></span> <span class='ocrx_word' id='word_1_152' title='bbox 387 3040 505 3106; x_wconf 88' lang='lat' dir='ltr'><strong>autem</strong></span> <span class='ocrx_word' id='word_1_153' title='bbox 519 3034 582 3107; x_wconf 90' lang='lat' dir='ltr'><strong>illa</strong></span> <span class='ocrx_word' id='word_1_154' title='bbox 595 3035 769 3129; x_wconf 88' lang='lat' dir='ltr'><strong>perceptio</strong></span> <span class='ocrx_word' id='word_1_155' title='bbox 786 3034 968 3123; x_wconf 89' lang='lat' dir='ltr'><strong>naturalis,</strong></span> <span class='ocrx_word' id='word_1_156' title='bbox 984 3033 1075 3105; x_wconf 90' lang='lat' dir='ltr'><strong>utin</strong></span> <span class='ocrx_word' id='word_1_157' title='bbox 1089 3030 1265 3104; x_wconf 87' lang='lat' dir='ltr'><strong>foetuani-</strong></span> 
     </span>
     <span class='ocr_line' id='line_1_23' title="bbox 202 3145 1266 3243; baseline -0.001 -27"><span class='ocrx_word' id='word_1_158' title='bbox 202 3145 316 3236; x_wconf 87' lang='lat' dir='ltr'><strong>mulis,</strong></span> <span class='ocrx_word' id='word_1_159' title='bbox 332 3146 382 3218; x_wconf 85' lang='lat' dir='ltr'><strong>ita</strong></span> <span class='ocrx_word' id='word_1_160' title='bbox 398 3147 436 3220; x_wconf 91' lang='lat' dir='ltr'><strong>in</strong></span> <span class='ocrx_word' id='word_1_161' title='bbox 451 3173 559 3242; x_wconf 86' lang='lat' dir='ltr'><strong>grano</strong></span> <span class='ocrx_word' id='word_1_162' title='bbox 583 3150 694 3223; x_wconf 90' lang='lat' dir='ltr'><strong>tritici</strong></span> <span class='ocrx_word' id='word_1_163' title='bbox 712 3149 994 3243; x_wconf 87' lang='lat' dir='ltr'><strong>deprehenditur.</strong></span> <span class='ocrx_word' id='word_1_164' title='bbox 1017 3149 1132 3235; x_wconf 81' lang='lat' dir='ltr'><strong>Quare</strong></span> <span class='ocrx_word' id='word_1_165' title='bbox 1148 3147 1266 3218; x_wconf 91' lang='lat' dir='ltr'><strong>anima</strong></span> 
     </span>
     <span class='ocr_line' id='line_1_24' title="bbox 204 3260 1264 3358; baseline 0.004 -30"><span class='ocrx_word' id='word_1_166' title='bbox 204 3260 401 3352; x_wconf 83' lang='lat' dir='ltr'><strong>vegetativa</strong></span> <span class='ocrx_word' id='word_1_167' title='bbox 415 3261 508 3355; x_wconf 91' lang='lat' dir='ltr'><strong>prior</strong></span> <span class='ocrx_word' id='word_1_168' title='bbox 524 3272 589 3354; x_wconf 90' lang='lat' dir='ltr'><strong>est,</strong></span> <span class='ocrx_word' id='word_1_169' title='bbox 605 3264 803 3337; x_wconf 89' lang='lat' dir='ltr'><strong>nonmiuus</strong></span> <span class='ocrx_word' id='word_1_170' title='bbox 817 3287 921 3358; x_wconf 89' lang='lat' dir='ltr'><strong>quam</strong></span> <span class='ocrx_word' id='word_1_171' title='bbox 935 3265 1125 3347; x_wconf 82' lang='lat' dir='ltr'><strong>sensitiva3</strong></span> <span class='ocrx_word' id='word_1_172' title='bbox 1144 3286 1164 3333; x_wconf 88' lang='lat' dir='ltr'><strong>a</strong></span> <span class='ocrx_word' id='word_1_173' title='bbox 1179 3284 1264 3334; x_wconf 91' lang='lat' dir='ltr'><strong>neu·</strong></span> 
     </span>
     <span class='ocr_line' id='line_1_25' title="bbox 201 3374 1264 3473; baseline 0.003 -30"><span class='ocrx_word' id='word_1_174' title='bbox 201 3380 255 3444; x_wconf 85' lang='lat' dir='ltr'><strong>tra</strong></span> <span class='ocrx_word' id='word_1_175' title='bbox 269 3374 394 3446; x_wconf 84' lang='lat' dir='ltr'><strong>deduci</strong></span> <span class='ocrx_word' id='word_1_176' title='bbox 404 3385 530 3470; x_wconf 88' lang='lat' dir='ltr'><strong>potest,</strong></span> <span class='ocrx_word' id='word_1_177' title='bbox 544 3380 604 3452; x_wconf 89' lang='lat' dir='ltr'><strong>sed</strong></span> <span class='ocrx_word' id='word_1_178' title='bbox 617 3379 793 3452; x_wconf 88' lang='lat' dir='ltr'><strong>antecedit</strong></span> <span class='ocrx_word' id='word_1_179' title='bbox 808 3388 1003 3473; x_wconf 88' lang='lat' dir='ltr'><strong>utramque,</strong></span> <span class='ocrx_word' id='word_1_180' title='bbox 1017 3378 1156 3472; x_wconf 89' lang='lat' dir='ltr'><strong>utrique</strong></span> <span class='ocrx_word' id='word_1_181' title='bbox 1170 3376 1264 3448; x_wconf 91' lang='lat' dir='ltr'><strong>viam</strong></span> 
     </span>
     <span class='ocr_line' id='line_1_26' title="bbox 201 3488 1264 3582; baseline 0.004 -24"><span class='ocrx_word' id='word_1_182' title='bbox 201 3494 311 3580; x_wconf 87' lang='lat' dir='ltr'><strong>parat.</strong></span> <span class='ocrx_word' id='word_1_183' title='bbox 329 3488 379 3560; x_wconf 91' lang='lat' dir='ltr'><strong>Ut</strong></span> <span class='ocrx_word' id='word_1_184' title='bbox 397 3489 491 3564; x_wconf 91' lang='lat' dir='ltr'><strong>enim</strong></span> <span class='ocrx_word' id='word_1_185' title='bbox 504 3513 540 3564; x_wconf 89' lang='lat' dir='ltr'><strong>se</strong></span> <span class='ocrx_word' id='word_1_186' title='bbox 553 3491 660 3566; x_wconf 89' lang='lat' dir='ltr'><strong>hebet</strong></span> <span class='ocrx_word' id='word_1_187' title='bbox 673 3493 783 3564; x_wconf 88' lang='lat' dir='ltr'><strong>forma</strong></span> <span class='ocrx_word' id='word_1_188' title='bbox 794 3493 852 3564; x_wconf 87' lang='lat' dir='ltr'><strong>ovi</strong></span> <span class='ocrx_word' id='word_1_189' title='bbox 864 3491 1066 3564; x_wconf 85' lang='lat' dir='ltr'><strong>adformam</strong></span> <span class='ocrx_word' id='word_1_190' title='bbox 1079 3491 1168 3582; x_wconf 90' lang='lat' dir='ltr'><strong>pulli</strong></span> <span class='ocrx_word' id='word_1_191' title='bbox 1182 3490 1264 3562; x_wconf 93' lang='lat' dir='ltr'><strong>inde</strong></span> 
     </span>
     <span class='ocr_line' id='line_1_27' title="bbox 200 3599 1263 3699; baseline 0.004 -29"><span class='ocrx_word' id='word_1_192' title='bbox 200 3599 350 3691; x_wconf 91' lang='lat' dir='ltr'><strong>oriundi,</strong></span> <span class='ocrx_word' id='word_1_193' title='bbox 371 3601 422 3674; x_wconf 87' lang='lat' dir='ltr'><strong>ita</strong></span> <span class='ocrx_word' id='word_1_194' title='bbox 442 3626 480 3678; x_wconf 87' lang='lat' dir='ltr'><strong>se</strong></span> <span class='ocrx_word' id='word_1_195' title='bbox 502 3604 609 3680; x_wconf 91' lang='lat' dir='ltr'><strong>habet</strong></span> <span class='ocrx_word' id='word_1_196' title='bbox 630 3605 741 3679; x_wconf 93' lang='lat' dir='ltr'><strong>forma</strong></span> <span class='ocrx_word' id='word_1_197' title='bbox 768 3605 869 3699; x_wconf 86' lang='lat' dir='ltr'><strong>grani</strong></span> <span class='ocrx_word' id='word_1_198' title='bbox 896 3604 1027 3678; x_wconf 89' lang='lat' dir='ltr'><strong>triticei</strong></span> <span class='ocrx_word' id='word_1_199' title='bbox 1051 3605 1096 3676; x_wconf 89' lang='lat' dir='ltr'><strong>ad</strong></span> <span class='ocrx_word' id='word_1_200' title='bbox 1116 3604 1263 3676; x_wconf 90' lang='lat' dir='ltr'><strong>formam</strong></span> 
     </span>
     <span class='ocr_line' id='line_1_28' title="bbox 198 3714 1263 3813; baseline 0.004 -30"><span class='ocrx_word' id='word_1_201' title='bbox 198 3714 329 3807; x_wconf 85' lang='lat' dir='ltr'><strong>plantae</strong></span> <span class='ocrx_word' id='word_1_202' title='bbox 350 3739 395 3788; x_wconf 85' lang='lat' dir='ltr'><strong>ex</strong></span> <span class='ocrx_word' id='word_1_203' title='bbox 418 3741 454 3790; x_wconf 90' lang='lat' dir='ltr'><strong>se</strong></span> <span class='ocrx_word' id='word_1_204' title='bbox 477 3718 679 3792; x_wconf 86' lang='lat' dir='ltr'><strong>formandae.</strong></span> <span class='ocrx_word' id='word_1_205' title='bbox 696 3720 920 3813; x_wconf 88' lang='lat' dir='ltr'><strong>Perceptione</strong></span> <span class='ocrx_word' id='word_1_206' title='bbox 943 3719 1098 3791; x_wconf 86' lang='lat' dir='ltr'><strong>naturali</strong></span> <span class='ocrx_word' id='word_1_207' title='bbox 1115 3739 1263 3810; x_wconf 82' lang='lat' dir='ltr'><strong>granum</strong></span> 
     </span>
     <span class='ocr_line' id='line_1_29' title="bbox 182 3828 1261 3930; baseline 0.003 -31"><span class='ocrx_word' id='word_1_208' title='bbox 182 3828 373 3912; x_wconf 61' lang='lat' dir='ltr'><strong>‚triticeum</strong></span> <span class='ocrx_word' id='word_1_209' title='bbox 392 3855 430 3904; x_wconf 88' lang='lat' dir='ltr'><strong>se</strong></span> <span class='ocrx_word' id='word_1_210' title='bbox 450 3840 564 3906; x_wconf 86' lang='lat' dir='ltr'><strong>satum</strong></span> <span class='ocrx_word' id='word_1_211' title='bbox 582 3834 621 3906; x_wconf 93' lang='lat' dir='ltr'><strong>in</strong></span> <span class='ocrx_word' id='word_1_212' title='bbox 641 3837 796 3930; x_wconf 89' lang='lat' dir='ltr'><strong>plantam</strong></span> <span class='ocrx_word' id='word_1_213' title='bbox 822 3834 950 3910; x_wconf 88' lang='lat' dir='ltr'><strong>format</strong></span> <span class='ocrx_word' id='word_1_214' title='bbox 962 3833 987 3905; x_wconf 80' lang='lat'><strong>³.</strong></span> <span class='ocrx_word' id='word_1_215' title='bbox 1010 3861 1027 3898; x_wconf 90' lang='lat'>«</span> <span class='ocrx_word' id='word_1_216' title='bbox 1044 3834 1161 3926; x_wconf 88' lang='lat' dir='ltr'><strong>Atque</strong></span> <span class='ocrx_word' id='word_1_217' title='bbox 1176 3833 1261 3904; x_wconf 90' lang='lat' dir='ltr'><strong>adeo</strong></span> 
     </span>
    </p>

    <p class='ocr_par' dir='ltr' id='par_1_5' title="bbox 229 4001 550 4071">
     <span class='ocr_line' id='line_1_30' title="bbox 229 4001 550 4071; baseline 0.019 -18"><span class='ocrx_word' id='word_1_218' title='bbox 229 4001 236 4036; x_wconf 87' lang='lat'>¹</span> <span class='ocrx_word' id='word_1_219' title='bbox 255 4001 293 4054; x_wconf 79' lang='lat' dir='ltr'><strong>Cf.</strong></span> <span class='ocrx_word' id='word_1_220' title='bbox 306 4006 435 4069; x_wconf 76' lang='lat' dir='ltr'><strong>Monodol,</strong></span> <span class='ocrx_word' id='word_1_221' title='bbox 447 4007 460 4071; x_wconf 65' lang='lat' dir='ltr'>fl</span> <span class='ocrx_word' id='word_1_222' title='bbox 473 4007 498 4067; x_wconf 82' lang='lat'><strong>7,</strong></span> <span class='ocrx_word' id='word_1_223' title='bbox 512 4006 550 4059; x_wconf 92' lang='lat' dir='ltr'><strong>ll.</strong></span> 
     </span>
    </p>

    <p class='ocr_par' dir='ltr' id='par_1_6' title="bbox 195 4082 1261 4233">
     <span class='ocr_line' id='line_1_31' title="bbox 226 4082 1261 4153; baseline 0.003 -19"><span class='ocrx_word' id='word_1_224' title='bbox 226 4082 239 4118; x_wconf 82' lang='lat'>²</span> <span class='ocrx_word' id='word_1_225' title='bbox 254 4083 302 4135; x_wconf 87' lang='lat' dir='ltr'><strong>Vix</strong></span> <span class='ocrx_word' id='word_1_226' title='bbox 312 4086 416 4137; x_wconf 83' lang='lat' dir='ltr'><strong>dubitari</strong></span> <span class='ocrx_word' id='word_1_227' title='bbox 431 4092 508 4149; x_wconf 82' lang='lat' dir='ltr'><strong>potest</strong></span> <span class='ocrx_word' id='word_1_228' title='bbox 519 4086 701 4151; x_wconf 83' lang='lat' dir='ltr'><strong>quinmendoso</strong></span> <span class='ocrx_word' id='word_1_229' title='bbox 716 4086 754 4138; x_wconf 89' lang='lat' dir='ltr'><strong>hic</strong></span> <span class='ocrx_word' id='word_1_230' title='bbox 773 4085 894 4153; x_wconf 67' lang='lat' dir='ltr'><strong>perfactio</strong></span> <span class='ocrx_word' id='word_1_231' title='bbox 912 4099 956 4152; x_wconf 88' lang='lat' dir='ltr'><strong>pro</strong></span> <span class='ocrx_word' id='word_1_232' title='bbox 979 4086 1116 4152; x_wconf 83' lang='lat' dir='ltr'><strong>perceptio,</strong></span> <span class='ocrx_word' id='word_1_233' title='bbox 1136 4090 1160 4135; x_wconf 82' lang='lat' dir='ltr'><strong>et</strong></span> <span class='ocrx_word' id='word_1_234' title='bbox 1170 4097 1261 4150; x_wconf 63' lang='lat' dir='ltr'><strong>paroc*</strong></span> 
     </span>
     <span class='ocr_line' id='line_1_32' title="bbox 195 4167 652 4233; baseline -0.011 -12"><span class='ocrx_word' id='word_1_235' title='bbox 195 4169 262 4222; x_wconf 79' lang='lat' dir='ltr'><strong>niret</strong></span> <span class='ocrx_word' id='word_1_236' title='bbox 274 4182 317 4233; x_wconf 89' lang='lat' dir='ltr'><strong>pro</strong></span> <span class='ocrx_word' id='word_1_237' title='bbox 327 4167 472 4232; x_wconf 81' lang='lat' dir='ltr'><strong>proveniret</strong></span> <span class='ocrx_word' id='word_1_238' title='bbox 484 4168 601 4233; x_wconf 79' lang='lat' dir='ltr'><strong>scriptum</strong></span> <span class='ocrx_word' id='word_1_239' title='bbox 612 4167 652 4220; x_wconf 84' lang='lat' dir='ltr'><strong>sit.</strong></span> 
     </span>
    </p>
   </div>
   <div class='ocr_carea' id='block_1_3' title="bbox 197 4228 1296 4395">
    <p class='ocr_par' dir='ltr' id='par_1_7' title="bbox 197 4228 1296 4395">
     <span class='ocr_line' id='line_1_33' title="bbox 227 4228 1296 4314; baseline -0.003 -15"><span class='ocrx_word' id='word_1_240' title='bbox 227 4248 292 4301; x_wconf 73' lang='lat' dir='ltr'><strong>³cr.</strong></span> <span class='ocrx_word' id='word_1_241' title='bbox 308 4247 392 4299; x_wconf 78' lang='lat' dir='ltr'><strong>ieron.</strong></span> <span class='ocrx_word' id='word_1_242' title='bbox 406 4251 486 4302; x_wconf 70' lang='lat' dir='ltr'><strong>uoco.</strong></span> <span class='ocrx_word' id='word_1_243' title='bbox 502 4249 590 4308; x_wconf 73' lang='lat' dir='ltr'><strong>asoa,</strong></span> <span class='ocrx_word' id='word_1_244' title='bbox 602 4247 645 4299; x_wconf 82' lang='lat' dir='ltr'><strong>uo.</strong></span> <span class='ocrx_word' id='word_1_245' title='bbox 662 4249 695 4312; x_wconf 85' lang='lat'><strong>11,</strong></span> <span class='ocrx_word' id='word_1_246' title='bbox 707 4263 758 4312; x_wconf 71' lang='lat' dir='ltr'><strong>eq».</strong></span> <span class='ocrx_word' id='word_1_247' title='bbox 775 4264 808 4306; x_wconf 63' lang='lat' dir='ltr'><strong>xi,</strong></span> <span class='ocrx_word' id='word_1_248' title='bbox 828 4250 840 4311; x_wconf 70' lang='lat' dir='ltr'><strong>a</strong></span> <span class='ocrx_word' id='word_1_249' title='bbox 856 4247 976 4300; x_wconf 76' lang='grc'>111111</span> <span class='ocrx_word' id='word_1_250' title='bbox 991 4260 1031 4314; x_wconf 70' lang='grc' dir='ltr'><strong>μ</strong></span> <span class='ocrx_word' id='word_1_251' title='bbox 1047 4259 1093 4298; x_wconf 73' lang='lat' dir='ltr'><strong>une</strong></span> <span class='ocrx_word' id='word_1_252' title='bbox 1111 4247 1163 4297; x_wconf 77' lang='lat' dir='ltr'><strong>ame</strong></span> <span class='ocrx_word' id='word_1_253' title='bbox 1184 4245 1259 4310; x_wconf 62' lang='lat' dir='ltr'><strong>loge·</strong></span> <span class='ocrx_word' id='word_1_254' title='bbox 1295 4228 1296 4231; x_wconf 75' lang='grc'>’</span> 
     </span>
     <span class='ocr_line' id='line_1_34' title="bbox 197 4329 758 4395; baseline -0.004 -15"><span class='ocrx_word' id='word_1_255' title='bbox 197 4329 251 4390; x_wconf 82' lang='lat' dir='ltr'><strong>lale,</strong></span> <span class='ocrx_word' id='word_1_256' title='bbox 265 4329 282 4379; x_wconf 90' lang='lat' dir='ltr'><strong>il</strong></span> <span class='ocrx_word' id='word_1_257' title='bbox 296 4329 346 4379; x_wconf 86' lang='lat' dir='ltr'><strong>lsul</strong></span> <span class='ocrx_word' id='word_1_258' title='bbox 359 4329 443 4394; x_wconf 85' lang='lat' dir='ltr'><strong>qu&#39;elle</strong></span> <span class='ocrx_word' id='word_1_259' title='bbox 455 4329 530 4380; x_wconf 81' lang='lat' dir='ltr'><strong>eilde</strong></span> <span class='ocrx_word' id='word_1_260' title='bbox 543 4329 563 4378; x_wconf 90' lang='lat' dir='ltr'><strong>la</strong></span> <span class='ocrx_word' id='word_1_261' title='bbox 578 4331 724 4395; x_wconf 82' lang='lat' dir='ltr'><strong>perception.</strong></span> <span class='ocrx_word' id='word_1_262' title='bbox 745 4345 758 4378; x_wconf 80' lang='lat' dir='ltr'><strong>n</strong></span> 
     </span>
    </p>
   </div>
   <div class='ocr_carea' id='block_1_4' title="bbox 0 0 1602 5228">
    <p class='ocr_par' dir='ltr' id='par_1_8' title="bbox 0 0 1602 5228">
     <span class='ocr_line' id='line_1_35' title="bbox 0 0 1602 5228; baseline 0 3"><span class='ocrx_word' id='word_1_263' title='bbox 0 0 1602 5228; x_wconf 95' lang='lat' dir='ltr'><strong> </strong></span> 
     </span>
    </p>
   </div>
  </div>
 </body>
</html>
