3156 5232
730 621 908 712 -raa-

284 773 349 848 Dei
372 775 578 870 perfectioni
601 779 712 871 magis
734 781 929 874 repugnet?
955 779 1023 864 Qui
1049 777 1225 862 videlicet,
1244 803 1350 874 quum

193 970 196 976 ,
285 890 331 961 sit
356 892 511 962 omnium
539 915 658 965 rerum
684 917 786 964 causa
819 893 1354 982 efficiens,eroausaf0rma1is

284 1029 347 1076 seu
364 1006 584 1099 exemplaris,
607 1016 643 1080 et
660 1031 764 1080 causa
786 1005 915 1094 finalis
934 1007 1066 1101 aliquid
1089 1008 1244 1102 profecto
1259 1033 1352 1081 erea-

284 1129 375 1193 turae
396 1145 469 1192 suae
489 1121 670 1207 indiderit,
688 1120 781 1216 quod
805 1121 954 1214 integrae
977 1145 1050 1194 suae
1066 1123 1264 1196 causalitati
1280 1148 1350 1194 res·

285 1235 475 1330 ponderet:
492 1237 757 1309 subsistentiam
776 1259 900 1332 nempe
914 1261 1055 1332 unaque
1069 1246 1105 1310 et
1125 1239 1198 1313 vim
1213 1239 1351 1332 agendi,

286 1354 323 1421 et
336 1351 595 1445 perceptionem
613 1352 859 1450 cujuscumque
871 1356 1012 1450 gradus,
1031 1362 1067 1428 et
1080 1354 1286 1450 appetitum.

330 1465 510 1560 Peroeptio
525 1467 619 1540 enim
639 1492 660 1540 a
683 1491 799 1559 sensu,
816 1477 858 1542 ut
876 1493 996 1543 sensus
1017 1473 1060 1542 ab
1081 1468 1262 1540 intellectu
1283 1467 1352 1538 dis·

286 1579 487 1674 tinguitur:
509 1582 641 1655 scilicet
654 1583 829 1678 perceptio
844 1585 1012 1655 naturalis
1036 1607 1097 1655 seu
1115 1583 1262 1676 simplex
1284 1605 1354 1653 om·

286 1697 387 1767 nibus
412 1696 615 1768 substantiis
632 1699 810 1790 competit,
838 1700 984 1769 obscura
1006 1697 1172 1768 nimirum
1191 1701 1227 1767 et
1237 1695 1354 1768 omnio

287 1810 427 1902 quidem
436 1809 582 1902 objecta,
591 1810 801 1882 sedconfuso
809 1813 957 1905 quodam
967 1813 1351 1904 mod0‚repraesentans.

286 1923 467 2018 Peroeptio
486 1930 604 1996 autem
619 1925 787 1997 sensitiva
802 1949 862 1996 seu
884 1926 1073 2020 duplicata,
1089 1949 1150 2020 per
1171 1932 1253 2019 apta
1274 1931 1353 1995 tan·

96 2045 99 2052 ’
173 2085 180 2122 ,·
286 2045 362 2111 tum
384 2061 513 2132 organa
528 2036 581 2128 fit,
602 2061 709 2132 quare
728 2047 764 2111 et
780 2041 954 2134 perceptio
970 2040 1130 2111 animalis
1146 2040 1353 2133 appellatur.

287 2154 446 2248 Denique
462 2153 534 2225 sola
547 2175 656 2230 mens,
674 2177 734 2225 seu
748 2155 1067 2243 animarationalis,
1080 2153 1263 2226 intellectu
1278 2177 1355 2248 pro·

288 2271 363 2363 prie
386 2268 480 2340 dicto
507 2267 716 2361 «gaudet»,
748 2268 968 2362 perceptione
992 2268 1127 2341 seilicet
1146 2268 1301 2340 exaltata
1323 2275 1359 2340 et

289 2384 387 2476 quasi
412 2380 602 2476 triplicata.
624 2423 665 2433 -
690 2381 768 2453 Jam
797 2379 965 2476 cujusque
990 2383 1117 2474 gradm
1145 2381 1359 2476 perceptioni

287 2498 473 2591 respondet
496 2495 650 2588 ejusdem
676 2494 804 2587 gradus
826 2496 1013 2589 appetitus,
1036 2496 1208 2589 appetitui
1233 2496 1358 2589 ariique
1402 2499 1408 2510 '

288 2595 402 2685 certus
425 2609 572 2683 actionis
593 2610 728 2680 modus.
758 2609 846 2693 Quae
869 2608 962 2680 enim
987 2609 1183 2680 substantia
1205 2609 1358 2680 naturali

285 2732 423 2798 tantum
437 2732 473 2796 et
486 2723 628 2795 confuso
646 2724 746 2795 modo
763 2723 923 2818 percipit,
940 2745 981 2794 ea
995 2723 1115 2795 eodem
1133 2724 1232 2794 modo
1252 2746 1357 2817 appe-

285 2842 343 2931 tit,
356 2847 419 2913 et«
437 2839 597 2934 quamvis
607 2844 742 2932 sponte,
755 2837 950 2910 necessario
965 2845 1112 2909 tamen»
1132 2845 1261 2909 movet.
1271 2839 1359 2923 Quae

285 2963 402 3028 autem
414 2955 534 3040 sentit,
556 2977 597 3026 ea
614 2953 846 3025 «animaliter
864 2980 880 3019 »
903 2953 1050 3046 appetit,
1067 2961 1103 3026 et
1126 2981 1142 3020 α
1162 2957 1226 3026 sub
1241 2954 1358 3049 aliqua

285 3067 523 3141 indifferentia
535 3067 709 3139 electiva»
728 3067 811 3159 agit.
834 3065 922 3150 Quae
941 3066 1230 3160 deniquejudioio
1245 3068 1358 3138 utitur

288 3206 329 3255 ac
351 3183 499 3266 ratione,
523 3180 598 3272 ejus
613 3182 752 3252 demum
775 3181 938 3252 voluntas
961 3181 1100 3276 propria
1121 3188 1174 3254 est
1193 3205 1233 3254 ac
1252 3181 1356 3254 liber-

288 3304 355 3369 tas.

337 3411 504 3497 Quamvis
518 3411 553 3481 in
569 3409 725 3504 quolibet
737 3409 823 3480 vitae
838 3412 949 3503 gradu
965 3412 1087 3484 ceteris
1102 3413 1237 3484 duabus
1250 3411 1355 3484 facui-

289 3527 433 3604 tatibus·
451 3525 563 3596 iucem
583 3523 748 3616 praeferre
777 3529 1030 3619 perceptionem
1056 3523 1250 3599 Glissonius
1274 3549 1354 3598 cen-

290 3648 382 3728 seat,
413 3638 611 3712 Leibnitius
638 3661 721 3710 vero
749 3661 999 3734 nonnunquam
1029 3641 1198 3734 appetitui
1227 3641 1357 3734 primas

289 3755 444 3826 tribuere
457 3760 574 3848 partes
589 3751 764 3842 videatur,
784 3775 904 3847 reapse
924 3754 1017 3824 inter
1039 3777 1097 3826 eos
1111 3755 1200 3826 illud
1220 3777 1356 3848 quoque
1407 3777 1415 3788 “

290 3866 456 3941 convenit
473 3892 482 3937 τ
498 3867 608 3938 vitam
625 3873 763 3938 naturae
777 3873 887 3938 totam
902 3867 1143 3961 aliquaspeoie
1158 3868 1241 3940 boni
1256 3867 1355 3962 quasi

290 3981 409 4075 dirigi,
435 3981 568 4052 scilicet
590 3981 679 4050 nihii
704 4003 740 4052 se
763 3980 939 4074 perditum
954 3981 1017 4070 ire,
1036 3990 1072 4052 et
1095 4005 1213 4054 omnes
1237 3990 1357 4054 contre

290 4095 504 4167 substantias
521 4116 556 4165 se
571 4116 738 4188 suamque
754 4095 865 4165 vitam
884 4093 1014 4183 fovere,
1032 4097 1161 4166 bonum
1178 4117 1277 4164 suum
1294 4117 1355 4185 ap·

289 4215 407 4302 petere
422 4231 462 4279 ac
476 4207 691 4302 praesentire,
710 4207 805 4278 haud
826 4229 924 4279 secus
943 4215 1048 4301 atque
1061 4207 1135 4302 ipse
1150 4207 1243 4278 Deus
1267 4205 1354 4275 nihil

291 4322 366 4415 agit
375 4321 445 4394 nisi
461 4320 554 4416 quod
571 4321 738 4415 optimum
750 4319 897 4412 judicat.
1085 4327 1087 4330 ’
