3196 5228
804 546 964 606 -Μψ

349 681 557 770 praesentem
583 671 760 750 individui
781 673 964 756 rationem,
982 673 1041 745 sed
1062 672 1168 745 etiam
1191 673 1358 758 futuram,
1382 677 1420 748 in

350 794 520 882 quantum
537 785 718 858 -contineri
737 784 874 858 dicatur
889 788 926 856 in
942 785 1108 879 praesenti
1130 809 1245 859 causa.
1262 787 1338 859 Hoc
1353 787 1421 882 igi·

348 911 409 974 tur
440 907 601 996 respectu
635 899 765 970 dicitur
800 923 1050 995 nonnunquam
1078 900 1157 971 idea
1181 901 1419 992 individuum,

351 1023 512 1110 respectu
528 1014 676 1088 actualis
690 1020 803 1086 status
816 1012 984 1105 ejusdem,
1001 1013 1205 1108 anticipare,
1222 1022 1258 1087 et
1275 1039 1421 1089 concur·

351 1153 440 1220 rere,
456 1136 498 1202 ut
512 1151 617 1202 causa
641 1129 862 1224 exemplaris
884 1128 928 1200 ad
946 1129 1020 1222 ejus
1036 1124 1369 1202 consummationem
1386 1139 1422 1206 et

348 1243 626 1338 permanentiam
637 1264 648 1333 3
677 1249 719 1312 ut
743 1229 883 1314 cernere
908 1244 1019 1314 estin
1043 1242 1238 1315 individuis
1260 1245 1421 1338 organice

350 1359 522 1446 formatis,
540 1349 721 1458 inquibus
739 1358 818 1429 idea
830 1359 875 1428 ad
890 1357 1000 1452 ipsam
1017 1357 1260 1430 formationem
1275 1382 1419 1432 concur-

348 1475 409 1546 rit.
426 1499 444 1540 n
470 1471 526 1544 Ita
554 1500 571 1538 α
593 1471 672 1544 idea
695 1473 782 1566 pulli
796 1472 833 1542 in
854 1495 919 1543 ovo
943 1473 1079 1566 pullum
1101 1473 1282 1568 anticipat,
1298 1502 1315 1541 a
1339 1498 1420 1547 nam

350 1616 367 1656 c
385 1609 491 1658 ovum
505 1586 694 1660 fecundum
710 1593 792 1658 actu
805 1585 961 1657 continet
970 1585 1085 1658 ideam
1100 1586 1212 1658 futuri
1229 1589 1329 1683 pulli,
1339 1589 1419 1683 pul-

348 1703 404 1773 lus
431 1723 514 1773 vero
536 1701 651 1772 adhuc
684 1683 886 1794 potentialis
914 1706 1008 1772 est...
1036 1729 1053 1766 s
1088 1699 1204 1786 Quare
1230 1702 1309 1774 idea
1332 1703 1420 1796 pulli

348 1815 461 1910 prima
485 1817 609 1888 seriem
629 1821 665 1887 et
686 1836 883 1908 processum
908 1815 1017 1886 totius
1032 1815 1118 1887 vitae
1140 1817 1228 1911 pulli
1250 1818 1419 1906 continet,

349 1953 473 2024 nempe
502 1931 698 2002 naturalem
718 1927 948 2000 variationem
972 1929 1017 2000 ad
1031 1929 1105 2022 ejus
1123 1929 1422 2004 continuationem

350 2045 580 2117 necessariam
594 2045 632 2115 in
641 2051 860 2118 antecessum
876 2051 1104 2139 repraesentat
1118 2047 1141 2116 ¹.
1163 2075 1180 2110 a
1198 2085 1243 2100 -
1261 2075 1279 2116 ‹<
1295 2045 1424 2119 Conce-

350 2159 503 2232 dendum
517 2160 638 2254 itaque
659 2167 713 2232 est
735 2159 849 2231 ideam
868 2159 1033 2253 inprime
1053 2168 1192 2233 naturae
1208 2162 1422 2234 determina-

350 2277 447 2348 tione
473 2276 704 2348 resultantem
740 2273 961 2368 praedefinire
990 2276 1205 2348 necessarias
1244 2275 1422 2350 individui

350 2389 578 2478 variationes,
595 2395 768 2482 quatenus
781 2412 803 2459 a
816 2394 943 2459 natura
963 2387 1118 2480 ejusdem
1132 2389 1342 2483 dependent,
1359 2413 1421 2463 ne·

352 2525 421 2599 que
433 2512 616 2600 propterea
630 2526 689 2575 eas
702 2502 872 2576 aestimari
886 2503 1011 2576 debere
1036 2525 1146 2574 novas
1168 2503 1422 2576 individuatio-

351 2641 436 2706 nes3
454 2641 532 2690 oum
556 2617 780 2688 individuum
794 2617 866 2689 tale
882 2639 952 2688 non
971 2625 1066 2688 recte
1086 2617 1261 2689 diceretur
1282 2641 1422 2690 manere

350 2730 444 2802 idem
459 2732 489 2802 si
507 2753 576 2801 non
592 2730 726 2802 subiret
738 2731 826 2802 tales
838 2731 1064 2802 mutationes.
1077 2758 1095 2796 »
1115 2731 1168 2822 (V,
1186 2720 1254 2822 aa)

395 2843 561 2914 Definitio
569 2844 680 2936 igitur
691 2842 981 2936 suppositalitatis
995 2843 1071 2915 haec
1083 2843 1130 2916 sit
1142 2866 1150 2914 t
1162 2845 1422 2939 suppositalitos

351 2978 413 3028 seu
429 2955 656 3029 subsistentia
671 2955 818 3028 modalis
833 2964 886 3028 est
900 2963 1012 3028 status
1028 2963 1164 3029 naturae
1182 2957 1422 3030 substantialis

352 3072 396 3140 ab
423 3069 584 3141 omnibus
605 3070 684 3141 aliis
708 3071 855 3160 divinoe,
885 3072 922 3142 in
954 3095 990 3144 se
1012 3072 1216 3166 completus,
1240 3072 1422 3144 continens

353 3193 468 3258 actum
494 3185 799 3260 confoederationis
821 3187 889 3261 sibi
912 3186 988 3277 soli,
1008 3187 1192 3283 ideamque
1212 3189 1295 3260 inde
1310 3192 1422 3260 resul-

351 3306 498 3388 tantem,
526 3300 654 3394 quibus
680 3301 724 3370 ad
750 3310 883 3373 certum
907 3301 1131 3374 individuum
1157 3304 1366 3397 completum
1386 3309 1423 3375 et

352 3413 681 3484 incommunicabile
696 3414 761 3485 sub
781 3415 898 3508 aliqua
917 3414 1031 3510 specie
1051 3422 1087 3487 et
1101 3415 1190 3488 serie
1202 3439 1369 3508 generum
1383 3415 1421 3486 in

350 3527 620 3620 praedicamento
640 3529 847 3600 substantiae
862 3529 1126 3622 determinatur,
1149 3532 1223 3604 sive
1243 3538 1325 3604 actu
1340 3554 1421 3603 oon·

351 3640 551 3711 trahitur.»
570 3641 614 3712 V.
632 3640 687 3713 32.

330 3819 1421 3930 v⁴(2llailmPriac.dclcrmt.etdeloprdoe,lt.*tettdl)ooptcourt

349 3938 446 4001 eron„
457 3953 479 4004 e·
494 3939 550 3991 746.
