3156 5232
817 617 976 710 -665

362 755 442 848 sita,
459 755 699 850 repraesentat.
710 748 914 843 Peroeptiva
928 749 993 819 hoo
1007 745 1107 817 modo
1122 743 1288 832 excitata,
1298 744 1430 840 appeti·

361 872 484 960 tivam,
519 869 594 940 haec
623 866 803 947 motivam,
841 865 886 936 od
920 863 1067 935 formam
1104 863 1330 950 educendam⁴
1349 871 1431 938 actu

361 985 504 1058 excitat.
526 1010 542 1048 o
564 981 609 1070 X,
626 981 659 1052 5.

403 1095 665 1168 indifferentem
684 1092 841 1163 materiae
856 1090 978 1186 primae
992 1089 1234 1162 causalitatem
1250 1091 1300 1162 sic
1314 1092 1428 1162 deter-

361 1210 485 1282 minari
502 1203 639 1279 necesse
656 1214 721 1296 est,
739 1230 819 1276 nam
846 1233 862 1270 c
881 1205 1069 1280 causalitas
1088 1203 1316 1276 interminata
1340 1205 1429 1274 nihil

359 1333 530 1418 operatur.
551 1351 567 1387 o
593 1321 754 1394 Ceterum
779 1351 795 1386 (ι
811 1321 935 1392 Forma
951 1343 1021 1392 non
1043 1327 1134 1392 esset
1149 1328 1275 1394 natura
1291 1325 1429 1414 (nempe

359 1449 484 1508 natura
500 1436 725 1508 additionalis
747 1436 929 1524 materiae),
952 1434 1020 1505 nisi
1042 1434 1214 1523 abintus,
1244 1437 1274 1524 (e
1299 1433 1429 1506 funda·

358 1547 503 1622 mentali
518 1559 645 1622 natura
668 1547 832 1641 ejusdem)
860 1547 1097 1618 dimanaret...
1111 1547 1200 1620 Nam
1218 1547 1349 1622 dicitur
1363 1573 1428 1620 na·

357 1668 482 1754 turale,
499 1664 591 1758 quod
603 1685 688 1758 pure
703 1662 844 1733 abintus
856 1661 967 1746 venit,
985 1682 1046 1731 seu
1059 1668 1181 1755 sponte
1195 1683 1213 1731 e
1233 1667 1361 1732 natura
1375 1661 1428 1734 rei

357 1777 543 1848 enascitur.
561 1775 631 1847 Sua
643 1773 737 1846 enim
747 1777 859 1868 proles
871 1781 1007 1845 naturae
1020 1781 1184 1868 perpetuo
1196 1775 1396 1867 complacet.
1407 1805 1424 1840 »

359 1883 748 1978 X‚6'-9.-111aautem
762 1888 883 1958 formae
896 1887 1034 1959 eductio
1044 1895 1097 1958 est
1109 1887 1200 1959 aetio
1213 1889 1423 1958 immanens:

359 2005 503 2093 scilicet,
524 2032 541 2068 a
564 2003 640 2074 haec
661 2010 853 2096 spontanea
873 2001 1030 2072 materiae
1048 2002 1226 2094 generatio
1243 2009 1427 2094 motusque

359 2126 411 2189 est
438 2115 571 2210 aliquid
595 2116 631 2185 in
660 2115 825 2204 materia,
848 2122 884 2186 et
909 2112 1080 2186 terminus
1105 2111 1272 2204 ejusdem,
1303 2136 1427 2209 nempe

355 2229 477 2319 forma,
494 2231 532 2299 in
547 2227 694 2299 materia
706 2228 917 2321 producente
930 2233 1060 2298 manet.
1076 2255 1092 2294 »
1110 2227 1156 2316 X,
1177 2227 1230 2299 12.

398 2343 477 2415 lam
500 2344 543 2413 de
569 2341 778 2413 inhaerentia
806 2339 1148 2435 dependentiaquea
1172 2348 1289 2412 nostro
1312 2341 1426 2414 fusius

357 2457 550 2545 disseritur,
566 2478 645 2548 quae
659 2479 729 2526 non
749 2479 823 2527 esse
841 2455 935 2527 modi
948 2454 1071 2526 formae
1094 2461 1345 2540 monstrantur,
1364 2457 1424 2528 sed

353 2569 569 2663 inadaequati
593 2567 747 2660 ejusdem
769 2577 968 2663 conceptus,
984 2570 1071 2641 Inde
1096 2571 1223 2641 transit
1246 2570 1290 2641 ad
1310 2571 1426 2641 varias

353 2683 510 2752 materiae
526 2681 858 2753 determinationes:
885 2695 1009 2752 motum
1032 2682 1165 2754 scilicet
1183 2687 1340 2768 hostilem,
1365 2683 1425 2778 qui

355 2823 372 2860 κ
390 2796 481 2866 eoin
499 2795 647 2866 materia
666 2818 686 2864 a
708 2804 898 2888 generante
923 2796 1110 2886 excitatur,
1133 2803 1175 2867 ut
1197 2795 1272 2888 ejus
1291 2799 1425 2869 virtute

352 2907 498 2979 formam
512 2914 720 3002 praesentem
735 2912 893 2998 subruat,
909 2918 945 2982 et
958 2911 1052 2981 viam
1075 2911 1119 2981 ad
1142 2911 1288 2984 formam
1306 2910 1423 3002 aliam,

354 3024 482 3115 quippe
496 3021 551 3092 sui
567 3022 727 3103 similem,
744 3021 1034 3094 introducendam
1048 3023 1201 3112 muniat;
1220 3054 1236 3092 »
1256 3065 1299 3078 -
1317 3030 1424 3096 dete-r-

352 3139 563 3206 minatiomem
576 3140 773 3220 eductivum,
787 3158 855 3230 qua
867 3137 1014 3208 materia
1024 3144 1186 3209 naturam
1196 3138 1264 3211 sibi
1271 3140 1424 3211 maxime

353 3272 541 3342 congruam
556 3257 592 3321 et
605 3249 793 3342 genuinam
810 3250 971 3344 percipit,
989 3251 1204 3345 expetitque,
1222 3259 1258 3324 et
1273 3259 1314 3324 ut
1326 3275 1424 3324 suam

351 3365 575 3457 amplectitur
583 3388 594 3453 3
607 3377 649 3416 '-
668 3369 969 3436 determinationem
982 3365 1132 3459 denique
1148 3371 1423 3452 conservativam,

352 3499 432 3570 quae
448 3477 537 3548 nihil
553 3478 650 3549 aliud
667 3486 720 3550 est
740 3479 810 3550 nisi
834 3481 1064 3573 praecedentis
1089 3481 1305 3552 continuatio
1326 3503 1423 3575 quae-

351 3591 444 3662 dam.
459 3619 475 3659 ε(
490 3589 655 3664 Continet
669 3593 732 3664 hos
746 3601 845 3664 actus
859 3617 866 3664 :
879 3595 1061 3665 materiam
1072 3594 1248 3688 percipere
1262 3603 1424 3666 naturam

352 3727 449 3775 suam
465 3705 715 3776 additionalem
731 3729 805 3778 esse
820 3709 947 3779 bonam
964 3715 1000 3778 et
1024 3707 1091 3778 sibi
1106 3731 1294 3804 congruam
1299 3732 1310 3797 ;
1328 3732 1424 3781 eam-

352 3818 429 3889 dem
444 3819 573 3912 eligere
587 3828 623 3891 et
635 3844 751 3892 amare
760 3845 770 3910 3
789 3844 935 3915 eamque
956 3829 1166 3911 sustentare,
1181 3823 1274 3894 tueri
1288 3829 1324 3894 et
1344 3823 1422 3893 vin·

351 3933 479 4004 dicare.
498 3931 660 4005 Persistit
672 3936 709 4005 in
722 3937 778 4008 his
793 3937 943 4024 actibus,
960 3936 1069 4007 donec
1083 3959 1104 4007 a
1117 3937 1231 4008 causis
1246 3960 1283 4008 se
1299 3941 1423 4030 poten-

349 4045 498 4118 tioribus
522 4047 649 4119 iterum
674 4049 851 4120 hostiliter
876 4050 1077 4138 invadatur,
1104 4056 1140 4122 et
1160 4049 1378 4144 subjugetur.
1403 4078 1419 4116 11

350 4160 396 4248 X,
413 4159 530 4232 98-31.

394 4273 556 4346 Eliiciens
572 4275 760 4349 formarum
774 4301 879 4352 causa
898 4283 990 4372 (quae
1005 4284 1042 4350 et
1055 4278 1134 4350 aliis
1147 4279 1346 4353 nominibus
1363 4303 1424 4351 vo-
