3156 5232
623 590 780 652 ..91-

168 713 310 784 stantiae
331 721 454 786 natura
475 715 749 789 fundamentalis
771 715 988 788 considerata
1001 717 1038 786 in
1056 716 1176 788 ordine
1190 717 1235 806 ad

166 827 382 921 operationes
389 852 399 918 3
425 829 476 900 ita
492 830 568 902 vita
588 829 790 902 modificans
813 839 867 903 est
887 838 1014 902 natura
1036 831 1233 902 additiona-

165 941 209 1013 lis
225 949 261 1014 et
276 944 451 1036 complens
474 943 636 1018 similiter
658 945 875 1017 considerata
894 945 932 1015 in
953 943 1074 1015 ordine
1093 944 1137 1014 ad
1153 967 1233 1038 ope·

165 1055 332 1145 rationes,
365 1081 444 1152 quae
469 1058 560 1130 nihil
589 1057 686 1128 aliud
716 1065 770 1129 est
797 1057 865 1129 nisi
892 1057 968 1152 ipsa
1009 1056 1121 1128 forma
1147 1059 1235 1152 phy·

166 1171 280 1242 sica...
299 1199 316 1237 a
333 1171 429 1243 «Per
447 1172 558 1244 vitam
573 1172 832 1243 modificantem
845 1171 936 1242 nihil
950 1171 1047 1242 aliud
1061 1171 1232 1265 intelligo

165 1284 234 1356 nisi
253 1307 329 1358 eam
350 1287 522 1360 rationem
543 1309 604 1358 seu
624 1286 873 1357 additionalem
896 1292 1057 1357 naturam
1077 1309 1146 1380 qua
1161 1286 1234 1356 vita
1318 1295 1321 1302 '

164 1398 335 1492 primaeva
356 1401 550 1494 completur
568 1407 605 1471 et
628 1400 881 1471 determinatur
902 1400 946 1470 ad
969 1408 1099 1471 certam
1122 1402 1232 1494 legem

165 1535 227 1584 seu
242 1513 383 1584 modum
399 1515 535 1586 essendi
550 1520 655 1608 atque
668 1513 845 1606 operandi.
863 1503 1070 1585 Hoc'autem
1085 1515 1233 1608 comple·

165 1632 322 1697 mentum
354 1626 437 1722 quia
469 1627 679 1700 determinat
703 1629 748 1698 ad
772 1628 920 1722 speciem
945 1631 996 1717 (eo
1021 1628 1114 1700 enim
1142 1632 1233 1724 quod

164 1739 377 1812 determinat
404 1743 448 1812 ad
471 1744 583 1835 legem
606 1741 742 1814 essendi
765 1749 802 1814 et
824 1740 1001 1836 operandi,
1025 1742 1235 1816 determinat

165 1876 303 1948 quoque
317 1855 361 1924 ad
377 1855 551 1947 speciem),
568 1862 622 1926 est
637 1855 778 1948 propius
795 1855 916 1927 ordine
933 1863 1082 1941 naturae,
1097 1863 1133 1928 et
1147 1855 1232 1946 inti-

165 1968 256 2039 mius
282 1968 477 2062 supposito,
508 1969 631 2063 quovis
662 1970 882 2040 accidente...
915 1997 932 2036 a
962 1969 1092 2041 Verum
1123 1970 1235 2042 forma

164 2082 320 2176 physica,
346 2084 439 2178 quod
465 2111 482 2150 a
505 2083 666 2155 educitur
684 2106 702 2155 e
726 2084 883 2177 potentia
899 2085 1068 2174 materiae,
1086 2092 1122 2157 et
1136 2087 1179 2156 ab
1195 2110 1235 2158 ea

165 2201 335 2286 dimanat,
352 2203 388 2268 et
404 2196 442 2267 in
460 2195 580 2269 eadem
594 2198 764 2291 perpetim
778 2196 987 2287 suffulcitur,
1010 2221 1072 2270 nec
1087 2223 1160 2271 esse
1172 2225 1233 2292 po·

163 2322 234 2386 test
259 2313 362 2384 aliter
382 2318 444 2382 aut
471 2311 604 2383 diutius
627 2335 731 2405 quam
757 2312 806 2383 sic
822 2310 1038 2402 suffulcitur,
1053 2341 1068 2378 a
1099 2315 1234 2386 —ideo

169 2457 186 2494 a
210 2449 281 2499 non
305 2432 358 2498 est
378 2422 517 2516 dejure
542 2424 694 2518 proprio,
722 2424 782 2496 sed
807 2427 930 2496 merito
955 2425 1111 2515 altarino,
1138 2425 1236 2518 cujus

165 2549 229 2632 est,
247 2547 283 2612 et
298 2539 391 2633 quod
403 2538 591 2611 modificat.
612 2568 628 2607 >r
648 2537 763 2622 Quare
777 2562 847 2611 non
864 2546 918 2610 est
933 2538 1007 2610 vita
1021 2541 1201 2634 primaeva.
1212 2595 1233 2612 ..

165 2657 333 2728 «Natura
353 2675 436 2724 vero
462 2653 670 2725 substantiae
689 2653 727 2724 iu
743 2676 881 2746 genere,
899 2660 1072 2746 quatenus
1093 2678 1235 2748 energe-

164 2773 247 2862 tica,
275 2777 329 2843 est
353 2768 429 2863 ipsa
454 2768 530 2840 vita
556 2768 725 2862 primaeva
755 2768 907 2860 cujusvis
935 2770 1186 2842 substantiae...
1215 2801 1231 2838 a

166 2917 183 2954 a
201 2888 308 2960 Plane
325 2907 493 2978 negamus
518 2883 664 2955 formam
686 2883 865 2978 physicam
890 2882 927 2954 in
951 2884 1081 2978 plantis
1101 2892 1137 2957 et
1157 2887 1235 2957 ani·

164 3002 313 3078 malibus
337 2999 449 3071 vitam
476 2999 519 3071 de
549 3023 639 3071 novo
662 3001 800 3071 addere.
826 2999 919 3070 Fieri
934 2999 1028 3071 enim
1052 3001 1175 3094 nequit
1196 3008 1237 3073 ut

164 3119 241 3190 vita
255 3139 274 3188 e
288 3114 435 3188 materia
457 3114 608 3208 pullulet
626 3113 664 3184 in
683 3136 752 3207 qua
773 3114 905 3185 nullam
928 3112 1078 3185 radicem
1102 3115 1234 3187 habue-

165 3241 262 3307 rat...
290 3231 373 3304 Vita
399 3253 502 3326 quam
531 3231 645 3302 adfert
670 3229 995 3303 formamaterialis
1019 3237 1073 3302 est
1095 3237 1234 3303 tantum

167 3348 289 3422 modus
295 3369 306 3437 ;
327 3346 491 3440 supponit
519 3333 661 3439 aliquod
685 3344 920 3417 rudimentum
949 3344 1034 3416 vitae
1061 3368 1097 3416 se
1123 3345 1231 3438 prius,

168 3460 259 3555 quod
274 3457 461 3531 modificat.
480 3487 497 3522 »
513 3457 642 3540 XVIII,
662 3455 779 3529 11-13.

211 3577 283 3649 Nec
295 3581 434 3647 tantum
451 3573 563 3645 forma
584 3573 774 3644 materialis
797 3573 946 3666 primum
963 3572 1141 3645 internum
1160 3599 1233 3646 mo-

166 3697 223 3765 tus
240 3689 449 3784 principium
470 3687 628 3759 materiae
647 3709 717 3756 non
736 3687 868 3775 adfert3
886 3687 946 3758 sed
961 3710 1004 3759 ne
1019 3690 1136 3760 anima
1155 3691 1232 3784 qui-

166 3804 245 3878 dem
265 3803 477 3898 vegetativa,
493 3825 563 3874 neu
576 3799 757 3874 sensitiva.
779 3827 796 3864 «
812 3797 970 3871 Concedo
984 3802 1133 3894 {quidem
1157 3805 1233 3875 ani-

167 3941 241 3990 mas
262 3916 498 4011 vegetativam
517 3921 554 3987 et
570 3913 775 3986 sensitivam
799 3911 939 4014 diversa
953 3916 997 3985 ab
1011 3913 1091 3985 aliis
1113 3914 1233 3986 formis

166 4031 421 4104 modificatione
435 4030 531 4101 istud
547 4029 725 4100 internum
747 4033 860 4115 motus
873 4025 1083 4120 principium
1100 4027 1232 4100 afficere

165 4152 200 4218 et
222 4166 371 4216 ornare:
396 4143 465 4214 imo
480 4142 673 4237 quamlibet
686 4139 832 4211 formam
857 4139 1018 4211 similiter
1031 4141 1232 4213 diversimo-

166 4257 208 4328 de
238 4258 282 4328 ab
311 4257 380 4329 alia
408 4276 625 4350 quacumque
658 4252 752 4324 idem
786 4250 995 4324 modificare.
1025 4253 1121 4346 Nego
1150 4278 1231 4327 vero
1260 4256 1263 4260 ’
