3196 5228
519 1473 662 1564 ries
708 1471 964 1594 secerni

426 1767 687 1841 Philosophiae
706 1765 879 1828 Gllssonss
900 1765 1060 1827 Pleeite.

661 2127 762 2201 CAP.
789 2129 817 2201 1.

288 2447 289 2452 ’
329 2459 368 2511 De
384 2457 513 2511 Gliseonii
530 2458 636 2513 dicendi
652 2471 753 2525 genere
770 2461 797 2514 et
814 2460 920 2514 ratione
936 2461 1154 2529 philosophandi.

248 2778 291 2850 In
320 2777 395 2872 ipso
418 2776 520 2872 quasi
548 2775 670 2850 limine
690 2778 855 2850 leet-orem
876 2776 981 2870 plene
1004 2775 1176 2850 monitum
1201 2800 1275 2850 esse

202 2895 298 2984 volo,
315 2915 536 2988 nequaquam
558 2915 614 2966 me
635 2891 813 2986 ingratum
833 2892 899 2964 hoo
921 2897 958 2964 et
976 2914 1076 2986 peene
1097 2892 1275 2964 infinitum

203 3005 384 3101 negotium
408 3007 653 3102 susciperent
670 3005 841 3101 quidquid
860 3006 898 3077 in
921 3003 1087 3080 Gliseonii
1109 3007 1275 3081 Treetatu

201 3120 354 3216 reperire
368 3127 423 3195 est
436 3120 558 3194 ordine
573 3142 763 3216 persequer
776 3125 812 3192 et
825 3143 887 3216 per
901 3121 1057 3214 singulae
1068 3127 1185 3215 partes
1202 3122 1274 3195 dis·

201 3235 331 3331 pisiam
349 3238 374 3305 ¹.
390 3233 492 3322 Quod
507 3233 622 3309 faeere
636 3257 700 3308 nee
714 3255 863 3327 possem,
879 3257 955 3324 nee,
970 3233 1001 3306 si
1012 3257 1159 3330 possem,
1171 3237 1274 3310 valde

202 3349 292 3422 utile
305 3357 479 3444 putarem,
496 3371 605 3443 quum
616 3347 690 3442 ipse
707 3345 903 3422 Glieeonius
918 3370 987 3421 non
1004 3351 1111 3423 semel
1122 3349 1275 3424 fateatur

202 3467 315 3536 multa
330 3487 367 3538 se
380 3463 562 3554 disserere,
580 3485 660 3558 quse
685 3491 703 3532 «
725 3462 770 3534 ad
792 3484 933 3558 scopum
955 3485 1057 3536 suum
1078 3465 1194 3538 minus
1218 3463 1272 3537 fa·

202 3577 314 3652 ciunt.
335 3605 353 3645 s

247 3691 312 3764 Vir
331 3714 455 3786 nempe
470 3691 733 3782 subtilissimae,
750 3698 787 3764 et
807 3690 1015 3778 indefessus,
1031 3699 1067 3765 et
1090 3692 1273 3765 seholesti·

203 3807 252 3881 eis
269 3805 418 3901 argutiis
432 3805 561 3881 mirum
573 3806 612 3879 in
625 3804 767 3879 modum
779 3804 951 3897 eruditus,
968 3806 1143 3901 perplexis
1168 3807 1272 3880 itine-

234 4020 242 4054 ⁴
261 4021 363 4072 Constet
376 4023 510 4073 reseratus
520 4019 630 4086 Epistola
643 4017 801 4078 dedicatoria,
813 4017 961 4070 Praeiatiene
972 4019 1002 4070 ed
1015 4019 1149 4086 lectorem,
1165 4019 1273 4073 Eienrho

202 4103 317 4168 crpitum,
332 4102 451 4167 capitibus
464 4115 549 4164 xxxiv,
564 4100 658 4166 paginis
670 4099 734 4165 5343
749 4113 831 4150 rerum
853 4098 917 4164 qued
933 4099 964 4150 etl
982 4099 1130 4167 prehendam
1150 4099 1273 4167 expliern-

202 4183 305 4248 ‹iemque
315 4192 429 4234 naturam
443 4183 583 4233 substantie
604 4181 769 4245 energetieem
784 4178 875 4230 directe
891 4183 985 4244 spectet
1004 4179 1068 4232 intra
1085 4179 1147 4230 idem
1159 4180 1290 4245 spetiem„

202 4278 248 4328 que
263 4263 442 4326 nonaaotopia
451 4263 597 4321 continetur,
612 4259 818 4325 eontrrhipesser.
