3156 5232
563 610 767 698 .-31·'

154 742 316 815 sistentes
330 738 1018 835 quippeintelligentias,praefecerunt...
1031 770 1048 808 »
1065 739 1223 816 «Omnes

154 853 492 948 videnturimpliaite
505 851 930 948 fateri,suaphilosophiee
943 856 1115 949 principia
1129 857 1223 949 phae·
1265 915 1268 921 .

153 971 310 1043 nomenis
323 969 1223 1064 innaturaoccurentibusnonalitersufficere,quam

154 1085 189 1156 in
210 1083 417 1172 subsidium,
443 1082 530 1154 alias
554 1106 674 1154 causas
701 1081 902 1174 adjutrices,
933 1085 1060 1178 quibus
1085 1095 1223 1156 naturae

152 1199 308 1271 defectus
324 1199 564 1292 suppleantur,
582 1197 827 1268 advocanda...
847 1197 918 1269 »In
933 1222 973 1271 eo
985 1206 1125 1270 tantum
1142 1222 1223 1292 pec·

154 1318 334 1401 caverunt,
361 1312 453 1405 quod
467 1309 511 1383 de
536 1309 770 1406 inadaequatis
798 1312 905 1382 unius
934 1318 970 1384 et
988 1311 1143 1404 ejusdem
1171 1311 1224 1382 rei

155 1426 391 1520 conceptibus
407 1431 576 1520 tanquam
591 1424 634 1496 de
649 1426 753 1496 rebus
770 1425 913 1496 realiter
933 1426 1110 1499 distinctis
1125 1433 1161 1499 et
1180 1428 1223 1497 ab

155 1543 306 1614 invicem
334 1540 596 1635 separabilibus,
625 1539 734 1611 locuti
768 1547 863 1612 sunt.
900 1540 1052 1631 Scilicet,
1084 1541 1224 1614 nomine

155 1656 324 1740 materiae,
333 1654 595 1752 subsistentiam
611 1660 749 1726 tantum
761 1653 1059 1728 fimdamentalem
1074 1656 1225 1750 descrip-

157 1777 289 1862 serunt,
307 1777 433 1842 utrem
448 1767 633 1862 stupidam,
651 1768 829 1862 ignavam,
844 1776 881 1841 et
894 1768 939 1840 ad
956 1769 1042 1840 alias
1058 1771 1226 1843 entitatos

157 1885 401 1957 sustentandas
431 1890 568 1965 natam‚·
597 1889 761 1954 naturam
792 1905 874 1956 vero
911 1883 1156 1977 euergetiaam,
1183 1891 1228 1956 ut

157 1999 308 2072 activam
322 2005 359 2072 et
369 1997 455 2069 vitae
469 1995 685 2091 participem,
701 2019 721 2068 a
737 1993 892 2088 subjecto
905 1998 1080 2070 materiali
1092 2001 1226 2071 abstra-

156 2121 295 2186 xerunt.
312 2113 407 2202 XVI,
427 2111 459 2202 3,
477 2114 498 2184 5
514 2116 539 2184 ¹.

28 2233 29 2242 ’
96 2293 101 2308 ,
200 2227 268 2300 Sed
283 2229 387 2300 missa
398 2233 469 2317 jam
483 2226 705 2314 auctoritate,
718 2255 746 2296 a
764 2229 809 2298 ad
826 2251 947 2301 causas
966 2237 1104 2302 naturae
1122 2230 1225 2302 deve-

157 2341 306 2432 niamus,
327 2370 345 2410 a
363 2348 439 2412 tum
465 2347 628 2413 externas
644 2341 875 2432 (efficientem,
894 2366 1031 2438 nempe,
1047 2345 1224 2438 exempla-

156 2477 228 2527 rem
252 2462 288 2527 et
307 2452 473 2546 finalem),
491 2460 567 2526 tum
592 2453 748 2526 internas
776 2455 1001 2545 (materialem
1027 2457 1162 2529 scilicet
1188 2465 1224 2528 et

157 2569 363 2662 formalem),
378 2591 526 2664 quarum
548 2591 769 2664 unaquaeque
787 2569 898 2642 vitam
911 2571 1068 2643 materiae
1082 2571 1220 2665 probat.

203 2711 220 2750 κ
244 2683 408 2756 afficiens
433 2706 537 2757 causa
567 2690 704 2754 naturae
735 2684 977 2756 substantialis
1006 2687 1100 2758 solus
1125 2687 1224 2758 Deus

157 2805 221 2869 est.
237 2796 440 2869 Substantia
458 2795 552 2868 enim
575 2819 636 2891 per
660 2796 768 2868 solam
793 2797 1005 2870 creationem
1030 2797 1168 2894 incipit,
1187 2807 1224 2872 et

157 2927 218 2999 per
241 2906 348 2977 solam
364 2903 653 2976 annihilationem
678 2901 914 2976 desinit...²a
939 2905 1038 2977 nulla
1066 2914 1226 2980 creatura

158 3042 254 3091 suam
291 3019 475 3092 entitatem
499 3025 692 3107 mutuatur,
726 3018 787 3090 sed
817 3041 938 3112 perse
974 3026 1012 3093 et
1035 3020 1108 3092 suis
1137 3021 1225 3092 viri-

157 3133 222 3205 bus
260 3133 429 3204 subsistit.
475 3131 649 3204 Credibile
688 3154 769 3226 ergo
809 3139 875 3222 est,
916 3133 1047 3220 Deum,
1089 3141 1226 3206 naturae

158 3245 261 3338 hujus
290 3245 523 3335 fundatorem,
547 3245 701 3318 noluisse
733 3253 806 3317 tam
834 3245 1007 3318 illustrem
1040 3248 1226 3320 entitatem

159 3360 398 3432 materialibus
421 3358 627 3432 substantiis
654 3359 851 3448 indulsisse,
882 3360 950 3432 nisi
974 3384 1046 3433 una
1074 3361 1118 3432 iis
1142 3384 1226 3432 eon·

159 3473 303 3546 formem
330 3481 491 3544 naturam
505 3472 719 3567 operativam
734 3471 949 3546 decreverat.
967 3475 1056 3548 Nam
1072 3475 1226 3568 profecto

160 3589 216 3662 vel
230 3588 386 3661 homines
396 3570 440 3658 in
454 3586 527 3659 suis
539 3587 712 3678 operibus,
729 3587 758 3658 si
773 3588 911 3682 quando
930 3611 1061 3682 organa
1076 3596 1137 3660 aut
1155 3612 1227 3660 ma·

193 3751 199 3785 ¹
221 3751 306 3803 Leibn.
323 3753 402 3803 lettre
420 3765 465 3801 sar
483 3750 505 3802 la
527 3748 728 3802 carttstaaa'sme.
743 3749 839 3811 Erdm.,
858 3766 882 3816 p.
899 3751 952 3804 123.
970 3767 985 3802 u
1005 3753 1025 3804 ll
1046 3753 1099 3804 lant
1116 3753 1227 3818 qu’outre

163 3833 279 3884 l'e'tendue
292 3847 322 3884 on
337 3831 451 3892 conceive
462 3830 522 3882 dans
536 3829 559 3881 le
575 3844 645 3894 corps
661 3845 708 3882 nna
721 3830 787 3883 lorea
801 3832 918 3895 primitive
933 3833 974 3897 qni
986 3833 1097 3900 euplique
1109 3833 1227 3898 intelligi-

161 3914 266 3966 blement
277 3919 329 3965 tout
340 3927 367 3964 aa
377 3912 433 3977 qu'il
444 3926 481 3976 yn
492 3911 522 3963 de
533 3910 608 3962 aalide
618 3911 678 3962 dans
690 3912 724 3963 les
736 3911 825 3963 formes
836 3913 878 3962 des
890 3912 978 3965 eccles.
989 3928 1003 3965 a
1014 3942 1043 3951 -
1054 3928 1068 3964 u
1079 3914 1108 3966 Je
1121 3913 1228 3980 m’aper-

162 4009 257 4061 cneque
269 3995 291 4046 la
304 3994 369 4046 seule
380 3992 558 4045 considtrntian
569 3993 641 4043 d’nae
653 4006 731 4045 messe
743 3993 844 4044 ttendna
856 4007 886 4044 ne
897 3993 965 4045 snlflt
979 4008 1029 4060 pas,
1043 4001 1067 4046 et
1081 3995 1138 4060 qu'll
1151 3996 1227 4047 lallait

162 4090 248 4127 encore
260 4076 381 4140 employa·
392 4074 413 4126 le
426 4075 508 4125 rrolion
520 4073 550 4125 de
566 4071 587 4124 la
601 4074 677 4124 lorea.
690 4087 705 4124 n
717 4073 745 4124 P.
760 4073 812 4125 lrl.

192 4157 204 4192 ²
221 4157 305 4208 Leibn.
316 4159 383 4220 Spa.
396 4169 473 4206 aean.
483 4156 512 4206 da
528 4155 554 4205 la
566 4157 626 4206 Nat.
638 4154 734 4219 Eadm,
747 4169 770 4218 p.
784 4153 837 4217 125,
851 4155 897 4207 col.
911 4156 922 4207 l
937 4169 944 4206 τ
959 4169 974 4207 u
986 4155 1050 4208 lllles
1063 4171 1093 4208 ue
1105 4159 1227 4208 sanreient

161 4251 311 4289 commerear
325 4251 373 4301 qne
393 4250 438 4302 par
454 4235 571 4296 arbetion,
584 4234 608 4284 ni
626 4234 683 4284 finis
698 4249 744 4298 qna
764 4249 808 4300 per
821 4236 989 4288 annihilation.
1000 4254 1046 4290 a...
1057 4241 1179 4303 -npaa
1194 4237 1228 4287 ad

164 4318 315 4380 Fardcllam,
331 4316 426 4376 Eadm,
440 4332 463 4382 p.
477 4315 530 4368 145.

251 4421 332 4461 neum
351 4421 461 4461 aaaron.
1070 4405 1086 4460 6
