3156 5232
649 533 827 594 -101-

203 654 292 727 nihil
315 658 437 748 sponte
456 658 628 723 movetur.
641 693 683 706 -
698 653 827 724 Verum
849 651 992 723 ornatis.
1012 650 1067 722 vir
1088 674 1157 723 non
1182 654 1268 725 satis

152 837 153 840 ,
202 769 382 864 perspicue
396 769 440 840 de
456 787 561 838 causa
580 772 696 839 motus
722 766 891 861 loquitur,
906 767 1011 859 quam
1033 765 1159 858 partim
1180 766 1266 857 Deo,

202 883 331 979 partim
349 881 418 976 ipsi
432 880 601 970 materiae,
623 888 686 952 aut
698 880 816 975 potius
829 887 906 952 tum
919 879 1089 968 materia,
1102 885 1178 951 tum
1195 880 1269 952 Deo

203 999 345 1070 videtur
360 995 526 1068 tribuere.
544 1024 560 1060 «
571 995 608 1068 Si
623 993 711 1066 velit
717 994 831 1067 Deum
840 993 878 1065 in
892 999 929 1066 et
941 1016 1020 1065 cum
1030 991 1176 1065 materia
1186 997 1268 1065 con-

98 1097 100 1102 ’
203 1133 337 1186 creasse
351 1117 484 1182 motum
499 1117 542 1180 ut
554 1131 695 1182 causam
708 1107 783 1200 ejus
803 1108 964 1202 primam,
981 1107 1041 1180 sed
1055 1111 1096 1178 ut
1110 1105 1270 1179 effective

203 1247 340 1321 quoque
356 1223 608 1318 dependentem
624 1246 645 1294 a
659 1220 806 1295 materia
820 1227 986 1316 tanquam
999 1243 1020 1292 a
1032 1243 1136 1292 causa
1151 1213 1270 1292 secun·

202 1339 259 1426 da,
277 1337 367 1410 nihil
377 1336 474 1409 aliud
490 1337 574 1409 dicit
589 1359 693 1431 quam
707 1337 799 1432 quod
813 1359 878 1429 ego
893 1336 986 1407 ultro
1000 1333 1267 1407 concederem...

202 1454 296 1526 Deus
320 1453 414 1524 enim
436 1452 539 1523 simul
558 1451 691 1524 creavit
707 1452 814 1522 solem
835 1473 915 1522 cum
930 1449 1019 1538 luce,
1041 1450 1101 1522 sed
1124 1449 1214 1520 hanc
1229 1456 1270 1520 ut

201 1566 362 1641 effective
378 1566 631 1659 dependentem
650 1565 801 1638 asole...
817 1591 835 1632 »
863 1562 931 1636 Sed
956 1587 1064 1659 quum
1079 1562 1269 1657 subjungat

197 1687 382 1774 paruolum
403 1685 461 1752 Dei
478 1702 675 1752 concursum
689 1694 814 1751 motam
837 1685 1027 1751 conservari
1047 1682 1082 1770 ¹3
1097 1679 1174 1750 haec
1189 1700 1264 1751 sen·

203 1795 317 1866 tentia
349 1791 647 1887 imperfectionem
679 1794 865 1887 quamdam
891 1791 1052 1888 operibus
1082 1791 1268 1864 creationis

203 1905 413 2001 impingit...
447 1905 630 1978 Terminus
660 1906 753 1978 enim
794 1909 903 1999 [solus]
941 1927 1062 1979 causae
1101 1906 1270 1978 secundas

71 1997 75 2005 ’
205 2021 392 2096 excludere
407 2021 559 2092 videtur.
578 2049 597 2086 2>
621 2019 750 2107 XXIV,
765 2023 819 2112 11,
841 2020 893 2094 12.

250 2135 464 2210 Oartesianis
482 2135 526 2208 de
541 2142 639 2208 motu
655 2143 692 2209 et
706 2135 824 2231 quiete
839 2136 1074 2209 axiomatibus
1088 2134 1271 2209 limitatio-

204 2275 266 2324 nes
294 2251 481 2324 nonnullas
494 2249 729 2345 imponendas
749 2259 852 2344 putat
874 2251 1082 2324 Glissonius.
1107 2250 1272 2344 Largitur

202 2365 344 2461 quidem
365 2393 382 2433 a
397 2371 512 2437 motus
527 2365 760 2459 quantitatem
782 2373 947 2460 perpetuo
963 2387 1116 2456 manere,
1134 2393 1152 2432 »
1168 2365 1269 2437 dum·-

203 2482 305 2552 modo
329 2487 423 2552 recte
443 2477 664 2572 intelligatur
691 2479 751 2552 ille
776 2479 993 2574 aphorismus
1003 2482 1029 2553 ².
1062 2480 1129 2553 Sed
1157 2479 1271 2551 ullum

203 2603 338 2667 motum
357 2593 552 2666 violentum
568 2614 642 2666 esse
659 2601 866 2688 perpetuum
886 2602 1005 2690 aperte
1024 2602 1143 2688 negat,
1161 2616 1268 2689 quum

194 2709 339 2802 *legibus
363 2714 500 2780 naturae
525 2707 668 2780 minime
687 2717 859 2802 repugnet
888 2716 969 2781 «ut
989 2708 1082 2805 quod
1099 2707 1272 2781 violenter

193 2830 378 2910 movetur,
388 2829 510 2917 sponte
527 2822 701 2917 quiescat3
718 2829 781 2895 aut
790 2825 883 2917 quod
895 2823 1064 2897 violenter
1078 2823 1269 2910 detinetur,

204 2935 271 3008 sibi
287 2936 495 3030 permissum
510 2958 547 3008 sa
566 2936 679 3008 denuo
699 2943 881 3008 moveat...
902 2963 921 3004 a
949 2937 1116 3009 «Motum
1136 2943 1271 3008 rectum

203 3057 297 3123 certe
313 3071 383 3121 non
400 3071 475 3122 esse
488 3057 753 3144 perpetuum...‚
768 3072 833 3122 nec
845 3057 977 3126 motum
990 3057 1270 3124 transversum...

204 3188 267 3236 nec
287 3171 470 3259 perpetuos
499 3185 573 3236 esse
601 3172 717 3236 motus
739 3164 1018 3258 vegetabilium:
1044 3171 1159 3237 motus
1178 3165 1271 3236 enim

204 3279 457 3372 vegetabilium
471 3280 515 3351 ab
530 3278 632 3350 initio
646 3285 682 3373 et
705 3302 749 3351 ex
764 3301 865 3372 scopo
880 3279 1059 3374 agentium
1076 3279 1272 3375 propositus
1290 3355 1293 3362 ,

202 3415 273 3466 non
286 3391 442 3465 collimat
457 3394 501 3465 ad
509 3415 606 3464 suam
622 3392 843 3464 individuam
857 3394 1141 3488 perpetuitatem,
1157 3392 1218 3464 sed
1228 3391 1272 3462 ad

202 3508 472 3604 perpetuitatem
489 3508 688 3602 speciei...»
713 3508 841 3598 XXIV,
864 3507 982 3580 rat-aa.

249 3622 318 3708 Qui
337 3623 447 3716 igitur
463 3631 577 3694 motus
591 3631 674 3694 sunt
688 3623 874 3718 perpetui?
889 3623 931 3695 In
946 3623 1012 3695 hac
1026 3621 1269 3718 disquisitione

201 3743 316 3808 motus
329 3736 366 3807 in
376 3746 521 3808 extensa
533 3735 788 3830 significatione
798 3736 1019 3831 accipiendus
1032 3744 1106 3810 est:
1125 3735 1269 3816 scilicet,

201 3856 245 3921 ut
257 3849 423 3944 quicquid
446 3872 583 3944 quoquo
603 3851 703 3923 modo
731 3850 886 3924 variatur
903 3860 966 3923 aut
984 3852 1087 3924 aliter
1110 3873 1148 3924 se
1166 3850 1272 3923 habet

234 4100 242 4134 ⁴
262 4099 348 4151 Leibu.
363 4103 449 4153 eausa
458 4103 504 4153 Dei
516 4110 623 4161 ascuto,
636 4103 661 4167 9,
674 4102 711 4153 lo.

234 4179 247 4214 ²
265 4180 346 4232 Leibn.
363 4183 423 4233 teu.
435 4182 585 4246 baradati,
599 4183 695 4243 Eadm,
708 4197 730 4248 p.
745 4183 798 4236 108.
