3156 5232
816 614 917 683 *18
936 649 978 668 -.-.

404 741 522 816 Tertia
547 741 745 840 differentia
768 743 861 814 inter
883 742 1139 836 perceptionem
1164 744 1359 815 naturalem
1387 751 1424 814 et

359 879 498 930 sensum
512 864 578 946 est,
592 857 684 950 quod
698 856 849 937 secunda
864 858 939 947 [seu
951 856 1180 949 reduplicata]
1195 857 1370 950 perceptio
1386 858 1424 928 in

359 971 557 1044 sensatione
576 993 646 1041 non
666 971 782 1041 omnia
796 971 963 1042 discernit
978 993 1058 1063 quae
1071 971 1108 1042 in
1120 971 1231 1065 prima
1250 975 1324 1062 [seu
1342 973 1426 1044 sim-

358 1086 452 1178 plici]
470 1085 578 1174 liunt;
595 1107 675 1154 nam
692 1085 805 1156 multa
826 1085 862 1154 in
877 1086 989 1176 prima
1015 1085 1269 1178 percipiuntur,
1292 1108 1372 1179 quae
1386 1087 1424 1157 in

359 1193 509 1264 secunda
527 1191 737 1262 delitescunt
755 1193 816 1262 ¹.»
838 1191 965 1262 Sensus
979 1191 1071 1262 enim
1090 1220 1107 1257 «
1123 1199 1262 1262 tantum
1279 1193 1427 1285 percipit

358 1304 545 1398 objectum,
560 1313 596 1377 et
613 1306 704 1398 quod
717 1305 811 1376 idem
826 1329 847 1375 a
861 1327 897 1377 se
911 1307 1112 1399 percipitur.
1134 1337 1150 1371 »
1171 1335 1187 1374 «
1206 1307 1320 1378 Sentit
1331 1307 1423 1378 enim

357 1421 394 1492 id
408 1419 575 1512 ejusdem,
594 1419 699 1512 idque
715 1427 865 1507 tantum,
883 1419 975 1510 quod
993 1441 1054 1513 per
1070 1421 1171 1492 nervi
1188 1429 1319 1492 motum
1334 1443 1425 1492 cere·

358 1537 417 1606 bro
431 1533 678 1606 communicari
691 1542 817 1627 potest.
836 1563 852 1598 »
872 1533 949 1622 XV,
966 1533 1000 1606 8.

404 1649 520 1733 Quum
553 1648 672 1741 itaque
707 1670 827 1719 sensus
858 1647 1015 1720 includat
1043 1676 1060 1712 o
1087 1649 1186 1740 quasi
1216 1649 1454 1741 implicitum·

359 1764 531 1859 quoddam
545 1761 718 1855 judicium
730 1765 773 1834 de
786 1785 823 1834 re
833 1771 1009 1857 percepta,
1026 1791 1042 1830 a
1063 1770 1099 1834 et
1117 1764 1290 1834 «tacitam
1307 1785 1425 1856 quam·

360 1881 440 1950 dam
468 1877 693 1950 assertionem
722 1879 765 1948 de
788 1884 949 1972 percepto
981 1874 1128 1967 objecto,
1148 1904 1165 1942 »
1196 1883 1320 1970 quarta
1342 1875 1427 1947 inde

359 1991 516 2065 exoritur
543 1989 751 2080 differentia,
773 2013 912 2062 sensum
937 2013 1051 2063 errare
1070 2013 1180 2084 posse,
1199 2014 1268 2063 non
1290 1998 1426 2061 naturae

358 2105 626 2200 perceptionem.
651 2133 668 2172 o
690 2104 868 2188 Quantum
881 2105 973 2176 enim
987 2103 1105 2198 aliqua
1118 2103 1266 2176 facultas
1282 2105 1426 2197 partici-

358 2229 419 2314 pat
444 2220 487 2290 de
505 2218 650 2310 judicio,
676 2225 816 2289 tantum
845 2241 982 2312 quoque
1011 2220 1054 2290 de
1076 2241 1191 2290 errore
1218 2219 1427 2312 participare

357 2339 482 2428 potest.
509 2361 525 2400 »
551 2333 729 2426 Perceptio
754 2333 960 2404 naturalis«
981 2355 1093 2426 neque
1120 2333 1283 2427 explicite
1314 2355 1427 2426 neque

358 2448 525 2543 implicite
553 2446 595 2518 de
626 2467 688 2517 suo
717 2442 849 2536 objecto
872 2445 1020 2537 judicat,
1042 2445 1103 2518 sed
1124 2447 1168 2516 ad
1192 2445 1425 2540 operationem

358 2572 453 2634 recta
469 2560 593 2632 tendit.
613 2588 630 2625 s
657 2560 772 2644 Quare
798 2558 911 2652 decipi
934 2581 1003 2629 non
1024 2567 1150 2653 potest.
1177 2561 1304 2632 Sensus
1327 2581 1424 2646 vero,

359 2677 425 2751 etsi
442 2699 512 2746 non
528 2673 667 2747 conficit
691 2672 893 2766 explicitam
920 2673 1205 2767 propositionem,
1234 2695 1310 2744 eam
1333 2679 1428 2742 certe

359 2789 515 2884 implicat
523 2811 534 2878 ;
546 2789 692 2881 ideoque
706 2809 824 2882 saepe«
838 2809 957 2858 ansam
970 2790 1103 2880 praebet
1116 2787 1311 2881 phantasiae
1323 2785 1428 2857 aliter

361 2903 404 2974 de
439 2899 582 2992 objectis
612 2921 715 2992 quam
751 2905 834 2969 sunt
867 2898 1085 2992 concipiendi
1121 2907 1157 2970 et
1183 2897 1378 2990 judicandi.
1408 2926 1426 2964 s

360 3015 438 3110 XV,
455 3015 489 3088 9.

408 3127 592 3214 «Quinto,
621 3127 787 3198 differunt
810 3149 947 3222 quoque
979 3127 1154 3221 perceptio
1187 3127 1358 3200 naturalis
1391 3134 1427 3198 et

360 3265 480 3314 sensus
506 3248 666 3337 respectu
684 3239 909 3332 objectorum.
926 3239 1026 3311 Illius
1054 3242 1147 3312 enim
1173 3241 1346 3333 objectum
1373 3248 1429 3312 est

360 3357 489 3428 entitas
510 3356 660 3449 propria,
689 3378 768 3450 quae
793 3362 1022 3449 repraesentat
1052 3379 1100 3445 se,
1130 3378 1209 3427 suas
1242 3379 1363 3427 causas
1392 3361 1429 3425 et

360 3618 386 3668 p.
400 3602 442 3654 171
458 3608 483 3652 et
497 3615 577 3666 seqq„
593 3600 634 3652 ubi
653 3607 734 3652 noster
749 3601 813 3664 huic,
828 3600 891 3664 qnod
905 3613 969 3650 nunc
983 3600 1110 3666 volvimus,
1129 3616 1182 3666 cap.
1193 3601 1236 3652 xv
1248 3601 1344 3659 alludit,
1356 3605 1429 3664 etque

359 3687 392 3734 its
405 3698 429 3733 se
444 3685 521 3747 ipsum
534 3683 706 3746 interpretatur
720 3695 726 3732 :
742 3695 756 3730 r
769 3681 858 3730 Sensus
869 3681 1028 3744 distinguitur
1040 3682 1063 3731 in
1076 3689 1186 3733 concrete
1198 3688 1221 3733 et
1234 3684 1333 3747 praecise
1348 3695 1429 3744 sump-

360 3770 442 3815 tum...
453 3764 542 3814 Sensus
552 3769 662 3814 concrete
676 3768 786 3825 sumptus
799 3764 819 3812 is
831 3772 877 3826 est,
890 3763 931 3826 qni
943 3776 990 3812 noo
1007 3763 1077 3813 modo
1093 3777 1188 3813 sensum
1200 3770 1334 3826 externum,
1349 3761 1392 3811 sed
1405 3766 1430 3811 et

360 3850 513 3908 campartem
525 3855 609 3894 sensns
620 3843 751 3893 communis
759 3843 797 3892 cni
807 3843 1146 3908 connectitur,complectitur,
1154 3841 1428 3908 eujusqneadaequatum

359 3924 492 3988 subjectum
509 3931 544 3974 est
560 3925 682 3986 integrum
698 3929 824 3973 externum
836 3936 967 3985 organum,
977 3937 1024 3972 una
1039 3937 1093 3974 cum
1105 3939 1132 3974 ea
1146 3925 1256 3988 portione
1271 3923 1376 3982 cerebri,
1389 3923 1428 3972 cui

359 4019 446 4055 nervus
458 4006 543 4066 organi
559 4004 703 4054 inseritur...
717 4004 807 4055 Sensus
821 4004 921 4068 praecise
933 4011 1043 4068 sumptus
1056 4011 1092 4056 est
1107 4005 1143 4056 rel
1157 4013 1281 4066 externus,
1294 4005 1332 4054 vel
1347 4005 1429 4054 inter·

360 4090 536 4148 nus,quatenus
547 4082 701 4134 alteruterab
712 4085 787 4135 altero
798 4085 900 4134 seorsim
908 4086 1125 4138 consideratur.....
1139 4087 1261 4151 perceptio
1269 4085 1386 4136 naturalis
1393 4089 1430 4134 ost

360 4166 435 4230 prima
447 4179 565 4229 parason
577 4164 648 4228 basis,
662 4179 746 4216 sensus
758 4171 808 4215 tunt
820 4166 922 4224 externi,
937 4172 986 4214 tum
998 4167 1098 4218 interni.
1110 4183 1125 4219 n

391 4247 401 4282 ¹
417 4243 455 4294 Cl.
469 4245 553 4295 Leibn.
567 4247 626 4296 Lett.
642 4245 658 4295 d
675 4247 796 4308 Bosaope,
814 4244 908 4306 didm..
924 4259 946 4308 p.
962 4246 1015 4310 152,
1027 4247 1072 4298 col.
1083 4250 1107 4300 2.
1124 4261 1139 4299 r<
1151 4249 1221 4300 (lette
1235 4247 1361 4302 multitude
1372 4245 1429 4296 infi-

360 4326 400 4378 nie
409 4325 439 4376 de
453 4325 601 4390 perceptione
615 4339 675 4375 nous
687 4325 802 4392 empeche
815 4326 844 4374 de
857 4326 891 4375 les
903 4325 1050 4392 distinguer.
1060 4341 1076 4380 tr
