3196 5228
797 623 954 685 ...60-

342 750 484 822 enimet
499 753 610 846 magis
619 754 775 847 apposite
788 753 825 822 id
840 753 932 847 qnod
945 753 1106 822 volumus
1122 751 1270 845 exprimi
1282 759 1409 846 potest,

284 850 289 872 ¹
342 864 487 937 dicendo
505 866 687 938 materiam
707 867 853 961 primam
871 890 945 939 esse
971 865 1168 954 informem,
1198 868 1254 938 vel
1276 890 1349 939 esse
1370 869 1408 941 in

340 977 498 1074 potentia
515 979 560 1050 ad
573 978 776 1052 formam...
800 979 849 1051 Eo
867 979 961 1051 enim
976 978 1069 1071 quod
1085 977 1411 1073 materiapercipiat

342 1092 408 1164 sibi
416 1092 535 1165 deesse
552 1092 699 1165 formam
713 1094 759 1164 ad
772 1116 871 1165 suam
881 1099 1044 1164 naturam
1061 1091 1312 1186 complendam,
1329 1117 1411 1165 con-

343 1211 530 1300 sequenter
557 1229 633 1278 earn
658 1208 805 1302 appetit,
826 1215 862 1279 et
880 1207 1041 1279 lubenter
1068 1229 1144 1278 eam
1168 1207 1409 1300 amplectitirr3

341 1319 422 1401 imo,
441 1321 545 1414 paulo
558 1321 674 1391 minus
690 1322 722 1392 ei
735 1321 897 1415 indulget
920 1343 1024 1414 quam
1042 1321 1071 1391 si
1094 1327 1187 1394 esset
1201 1321 1323 1392 nativa
1337 1321 1412 1413 ejus

341 1434 503 1520 essentia,
532 1456 594 1505 seu
621 1441 758 1506 natura.
789 1436 866 1507 Hoc
892 1441 1031 1505 tantum
1056 1433 1226 1506 interest:
1248 1436 1403 1509 nativam

340 1545 528 1620 essentiam
542 1555 710 1642 perpetuo
730 1549 880 1634 retinet;
905 1547 1155 1620 additionalem
1177 1556 1214 1620 et
1237 1550 1409 1644 complen-

338 1664 422 1749 tem,
456 1661 612 1755 quandiu
636 1663 747 1749 adest,
777 1663 853 1757 pari
877 1660 957 1754 jure
983 1663 1079 1734 acsi
1105 1669 1196 1734 esset
1225 1665 1412 1758 congenita

339 1774 511 1866 agnoscit,
538 1783 644 1865 amat,
664 1776 782 1865 fovet;
805 1777 865 1847 sed
888 1778 931 1849 ab
948 1778 1284 1874 agentepotentiore
1300 1779 1409 1869 victa,

340 1908 377 1957 se
392 1910 433 1958 ea
448 1887 588 1983 spoliari
605 1888 703 1960 sinit.
723 1918 741 1954 »
767 1888 847 1978 VII,
865 1889 918 1960 13.

385 2000 485 2087 Quod
505 2008 623 2076 autem
646 2003 792 2074 materia
813 2003 861 2074 sit
883 2004 1115 2077 essentialiter
1136 2005 1306 2098 potentia,
1334 2005 1405 2077 for-

340 2142 465 2215 maque
479 2120 526 2192 sit
540 2127 637 2192 actus
650 2122 682 2192 ei
695 2143 740 2192 ex
755 2120 901 2193 adverso
918 2122 1142 2214 respondem,
1161 2151 1178 2187 «
1195 2123 1224 2192 si
1237 2122 1316 2215 quis
1325 2123 1408 2196 hine

327 2234 513 2336 ¹vilitatem
532 2235 688 2307 materiae
706 2235 828 2332 primae
842 2235 969 2308 inferre
985 2242 1111 2330 speret,
1126 2242 1201 2307 toto
1216 2238 1300 2308 caelo
1320 2259 1412 2308 erra-

339 2349 443 2421 verit.
459 2376 477 2417 a
495 2349 635 2421 Etenim
650 2349 708 2420 hic
722 2359 907 2445 conceptus
917 2351 1075 2421 materiae
1089 2350 1229 2421 nomine
1243 2350 1411 2444 potentiae

340 2462 544 2557 descriptus,
564 2462 818 2558 (inadaequatus
835 2463 974 2558 quidem
991 2487 1103 2558 neque
1119 2463 1150 2535 is
1165 2472 1257 2536 certe
1277 2464 1336 2559 qui
1353 2473 1408 2537 to-

339 2586 413 2650 tam
429 2577 586 2650 materiae
601 2578 723 2672 primae
737 2577 945 2672 dignitatem
967 2581 1060 2649 solus
1080 2577 1274 2673 exprimere
1289 2579 1409 2672 possit)

343 2715 445 2764 anon
460 2693 564 2786 plane
579 2693 744 2785 ignobilis
760 2700 824 2764 est.
841 2722 857 2759 »
883 2691 1009 2764 «Dicit
1022 2692 1115 2764 enim
1130 2693 1241 2786 ipsam
1261 2693 1408 2763 causali·

338 2814 448 2880 tatem
456 2807 624 2893 materiae,
634 2831 703 2903 qua
713 2807 889 2880 concurrit
899 2806 1127 2877 materialiter
1136 2807 1180 2876 ad
1190 2805 1409 2878 eductionem

339 2928 375 2993 et
391 2922 681 2994 sustentationem
700 2921 863 2993 formae...
883 2921 1032 2992 Materia
1054 2921 1204 3014 quodam
1221 2921 1322 2992 modo
1349 2921 1410 2991 dat

340 3057 415 3110 esse
430 3034 552 3108 formae
557 3059 568 3126 3
583 3060 706 3130 nempe
719 3036 794 3107 haec
809 3045 862 3108 est
876 3035 975 3131 quasi
992 3035 1149 3107 materiae
1159 3034 1276 3124 foetus
1305 3059 1409 3128 quern

340 3172 436 3225 esuo
451 3149 531 3221 sinu
543 3151 743 3234 oriundum,
758 3173 801 3220 ne
814 3150 900 3220 alias
912 3151 949 3219 in
964 3150 1114 3220 nihilum
1131 3149 1297 3219 continuo
1320 3147 1408 3220 reci-

339 3264 415 3346 dat,
432 3263 469 3336 in
488 3263 608 3336 eodem
622 3287 732 3356 usque
747 3271 782 3334 et
798 3259 908 3358 usqtie
929 3263 1027 3334 fovet
1042 3269 1078 3333 et
1099 3260 1266 3332 suffulcit.
1286 3261 1410 3333 Forma

338 3375 461 3473 itaque
474 3375 603 3471 pendet
617 3401 637 3447 a
651 3377 975 3470 materiatanquam
989 3399 1125 3448 acausa
1137 3375 1323 3464 materiali,
1340 3399 1409 3446 non

340 3490 496 3563 vicissim
508 3491 654 3562 materia
669 3491 823 3562 aforma.
838 3491 972 3563 Formae
987 3490 1081 3561 enim
1094 3489 1248 3561 causatio
1260 3513 1331 3561 non
1342 3498 1410 3560 ter·

341 3603 498 3675 minatur
518 3604 563 3674 ad
576 3605 771 3694 materiam,
785 3603 847 3675 sed
867 3606 912 3675 ad
926 3602 1170 3696 compositum
1189 3613 1253 3675 'nec
1272 3604 1310 3673 in
1337 3603 1411 3674 ullo

339 3742 425 3790 sano
443 3742 548 3792 sensu
563 3727 616 3791 est
631 3719 788 3791 materiae
803 3741 919 3791 causa.
939 3717 1099 3789 Materiae
1112 3723 1230 3789 autem
1254 3717 1410 3790 causatio

339 3834 549 3906 terminatur
587 3833 698 3928 primo
737 3835 782 3904 ad
807 3833 965 3916 formam,
994 3839 1029 3904 et
1059 3833 1236 3905 mediante
1263 3833 1341 3922 hac,
1367 3833 1413 3904 ad

340 3947 583 4038 compositum.
604 3945 675 4018 Ubi
692 3969 773 4040 ergo
794 3945 917 4018 dicunt
939 3932 1136 4039 philosophi
1159 3952 1305 4036 formam
1329 3951 1411 4016 dore

340 4083 414 4142 ossa,
438 4059 660 4152 intelligendi
684 4067 767 4131 sunt
791 4061 832 4150 (si
855 4061 943 4132 velis
961 4081 1018 4131 eos
1042 4081 1118 4130 esse
1141 4063 1308 4150 veraces),
1335 4083 1410 4131 eam

338 4230 381 4292 lll,
394 4231 491 4292 Eram,
502 4246 525 4296 p.
537 4231 592 4282 678.
604 4244 618 4280 tt
628 4231 727 4282 Materia
737 4237 775 4282 est
785 4231 850 4294 quod
863 4233 1002 4284 consistitin
1013 4233 1137 4296 antitypia,
1149 4249 1190 4283 sen
1205 4231 1267 4296 ‹pnod
1279 4234 1413 4297 penetranti

338 4312 460 4362 resistit...
473 4326 487 4361 tt
