3196 5228
802 621 962 682 ...22-

339 747 464 841 jecisse
492 752 634 844 quidem
662 751 788 839 multa,
805 787 806 792 .
821 751 882 821 sed
917 751 1068 844 plurima
1092 772 1229 843 quoque
1254 750 1290 820 in
1318 773 1415 826 suam

335 863 538 936 doctrinam
562 863 754 950 admisisse,
772 865 883 935 multo
907 872 1024 935 tamen
1051 863 1218 937 libentius
1242 887 1319 957 quae
1343 886 1416 934 res-

342 984 466 1070 pueret
484 979 640 1050 indicare
660 980 805 1068 solebat,
828 1001 932 1073 quam
951 1001 1028 1071 quae
1050 999 1113 1048 sua
1131 977 1295 1049 efficeret.
1314 977 1416 1062 Quod

342 1093 504 1186 equidem
519 1093 628 1164 nolim
643 1093 782 1165 arimini
798 1093 830 1166 ei
852 1102 1001 1178 vertere,
1019 1092 1105 1164 adeo
1121 1115 1257 1186 aequum
1274 1101 1327 1163 est
1340 1092 1415 1184 phi·

340 1208 523 1301 losophum
538 1231 723 1302 quemque,
752 1231 859 1302 quum
883 1209 944 1278 illo
968 1209 1158 1301 praesertim
1190 1208 1330 1300 ingenio
1353 1208 1411 1295 sit,

342 1322 496 1416 priorum
510 1323 662 1416 placitis
679 1324 785 1394 semel
802 1325 969 1414 vulgatis,
986 1329 1027 1393 ut
1040 1321 1124 1407 suis,
1141 1322 1171 1394 si
1187 1322 1286 1410 libet,
1299 1321 1365 1409 uti,
1378 1330 1414 1394 et

341 1434 424 1506 inde
439 1432 484 1506 ad
499 1456 591 1507 nova
605 1457 641 1506 se
656 1435 828 1506 attollere.
848 1436 976 1506 Verum
991 1436 1084 1507 enim
1098 1457 1193 1515 vero,
1215 1434 1245 1504 si
1271 1432 1412 1504 Leibni-

329 1547 414 1618 tius
429 1547 481 1617 ita
497 1569 534 1618 se
550 1547 742 1618 clarissimo
766 1545 913 1618 Cartesii
929 1547 1121 1641 patrocinio
1141 1568 1245 1639 quam
1261 1545 1414 1615 maxime

341 1660 459 1753 potuit
481 1656 658 1749 liberavit,
688 1667 817 1753 quanto
838 1661 950 1752 magis
972 1659 1048 1730 fieri
1074 1658 1190 1750 potuit
1210 1663 1251 1727 ut
1277 1657 1414 1728 licitum

342 1773 575 1844 arbitraretur
588 1763 726 1846 obscuri
747 1774 926 1873 cujusdam
946 1772 1114 1846 Glissonii
1133 1794 1258 1843 nomen
1273 1759 1410 1843 tacerel

343 1886 479 1980 Religio
493 1887 526 1958 ei
541 1911 611 1960 non
634 1887 743 1958 fuerit
758 1888 942 1980 quominus
962 1887 1168 1978 margaritas
1196 1885 1342 1978 aliquot,
1368 1907 1411 1956 ex

341 2000 404 2070 illo
420 2000 637 2090 scholastico,
654 2006 696 2070 ut
718 1999 781 2089 ait,
800 2008 949 2072 stercore
974 2006 1161 2086 extractas,
1183 1998 1219 2069 in
1244 1997 1410 2070 scrinium

342 2137 445 2186 suum
459 2114 678 2185 transferret.
689 2155 731 2166 -
747 2115 870 2185 Nonne
885 2114 1003 2201 etiam,
1018 2113 1139 2183 multis
1148 2109 1342 2202 interjectis
1353 2134 1412 2182 an-

341 2227 408 2316 nis,
424 2228 541 2320 potuit
548 2227 661 2299 vetuli
670 2228 773 2299 istius
784 2227 865 2298 libri
880 2227 952 2298 fere
966 2227 1145 2304 immemor
1160 2249 1248 2313 esse,
1261 2232 1297 2296 et
1312 2226 1412 2318 quasi

340 2340 473 2413 inscius
488 2343 532 2412 ab
549 2363 589 2415 eo
605 2342 739 2434 aliquid
754 2341 916 2414 retinere.

307 2521 310 2527 .
387 2455 560 2550 Denique,
597 2479 668 2527 non
704 2456 891 2528 obliterata
921 2457 1004 2529 licet
1034 2456 1202 2533 Glissonii
1231 2462 1412 2550 memoria,

342 2593 459 2644 nonne
469 2571 604 2644 sincera
614 2569 682 2644 fide
692 2593 946 2666 supervacuum
957 2572 1414 2669 credideritdefunctijam-

342 2689 478 2782 pridem
494 2690 647 2761 auctoris
662 2711 787 2761 nomen
801 2690 922 2776 citare,
939 2688 1038 2782 cujus
1050 2693 1114 2763 sub
1127 2690 1290 2765 clientela
1304 2699 1414 2766 meta-
1498 2753 1500 2756 .

341 2805 523 2899 physicam
552 2827 651 2876 suam
681 2805 849 2898 poneret?
874 2805 974 2877 Adde
1007 2806 1101 2899 quod
1127 2813 1251 2899 putare
1277 2815 1414 2901 poterat

343 2923 469 3012 lneque
492 2918 531 2988 id
559 2918 676 2990 forsan
698 2918 883 3010 immerito)
911 2940 948 2989 se
968 2941 1078 3012 pauca
1104 2920 1245 3014 quidem
1274 2922 1414 3016 abipso

344 3031 519 3105 Glissonio
535 3032 702 3122 mutuari,
718 3032 779 3104 sed
793 3055 864 3102 una
885 3055 963 3103 cum
981 3029 1155 3106 Glissonio
1171 3034 1315 3128 parique
1332 3034 1413 3126 jure

344 3147 389 3218 ad
403 3147 567 3241 antiquos
583 3146 698 3219 fontes
715 3169 904 3220 recurrere.

388 3260 504 3346 Quum
517 3267 635 3332 tamen
645 3259 781 3355 aliquid
797 3262 892 3332 ultra
904 3260 1091 3354 ancipitem
1101 3261 1187 3335 adeo
1201 3262 1414 3359 dubiamque

342 3373 578 3466 conjecturam
592 3374 817 3468 requirerem,
834 3397 970 3448 mecum
978 3377 1053 3469 ipse
1064 3377 1198 3470 agitari
1210 3400 1326 3450 nonne
1339 3381 1414 3452 ulla

342 3488 486 3559 aliunde
502 3496 641 3583 sumpta
660 3487 791 3560 indicia
812 3511 886 3560 rem
904 3489 1015 3581 magis
1032 3489 1263 3564 illustrarent.
1282 3490 1410 3583 Quare,

341 3603 509 3674 memoria
524 3610 690 3696 reputans
703 3602 920 3675 Leibnitium
932 3602 1159 3676 Bibliothecae
1169 3605 1412 3680 Hanoveranac

340 3716 449 3789 fuisse
464 3740 526 3811 per
540 3719 669 3790 multos
685 3741 794 3790 annos
807 3719 1044 3812 praepositum,
1061 3719 1098 3791 in
1125 3742 1193 3814 qua
1215 3745 1285 3793 non
1312 3725 1412 3795 modo

342 3854 461 3904 onmes
474 3833 595 3926 scripti
610 3835 654 3903 ab
671 3831 746 3926 ipso
761 3833 884 3921 libelli,
900 3833 960 3904 sed
981 3838 1017 3905 et
1038 3833 1178 3927 privata
1193 3833 1267 3925 ejus
1284 3833 1412 3907 biblio-

341 3945 456 4034 theca,
476 3969 554 4018 cum
570 3945 695 4018 ceteris
718 3954 975 4039 concorporata,
997 3954 1233 4036 asservantur,
1260 3969 1412 4042 praescn-

341 4064 413 4128 tem
436 4058 533 4130 illius
555 4058 784 4130 Bibliothecae
802 4066 996 4130 curatorem
1017 4082 1079 4153 per
1099 4059 1237 4132 litteras
1263 4060 1414 4131 interro-

341 4161 424 4266 gavi
449 4195 456 4243 :
488 4196 534 4244 an
561 4171 728 4244 Glissonii
753 4179 943 4244 tractatum
963 4174 1016 4245 De
1039 4175 1173 4247 Natura
1198 4174 1413 4248 Substantiae

341 4286 435 4359 inter
450 4288 557 4361 libros
571 4289 738 4361 custodiae
754 4311 827 4360 suae
840 4288 1038 4360 commissos
1053 4291 1197 4362 haberet
1203 4313 1213 4378 3
1226 4313 1285 4379 an,
1304 4289 1334 4360 si
1349 4313 1413 4361 an-
