3196 5228
635 616 796 680 ..13-

186 757 247 828 sed
270 753 459 848 ejusmodi,
486 754 624 848 qualem
652 756 690 828 in
721 758 918 834 ventriculo
946 762 1051 849 atque
1078 756 1259 831 intestinis

182 869 495 964 deprehendimus,
540 891 626 964 quos
671 893 727 944 res
774 870 905 946 laedens
945 873 1146 968 expellitur.
1189 871 1259 959 Qui

183 989 311 1073 motus,
342 982 408 1056 etsi
436 1006 572 1079 semper
596 1007 666 1056 non
694 984 741 1056 sit
772 991 1002 1074 voluntarias,
1032 1011 1103 1060 non
1128 986 1260 1081 poterit

183 1105 303 1170 tamen
323 1097 399 1172 sine
420 1121 607 1172 nervorum
634 1121 697 1192 ope
720 1101 897 1194 expediri,
928 1126 1008 1177 cum
1032 1126 1053 1176 a
1079 1107 1258 1174 1111111111

184 1213 391 1306 dependent.

188 1375 191 1381 -
231 1328 407 1402 «Licebit
435 1331 529 1404 hunc
552 1333 785 1406 ratiocinandi
813 1334 970 1408 ordinem
997 1335 1192 1422 invertere,
1223 1337 1260 1406 et
1349 1347 1354 1357 ·
1388 1368 1392 1377 ·

185 1443 400 1534 aposteriori
411 1444 635 1539 disputando,
649 1449 693 1521 ab
708 1471 749 1520 eo
764 1449 887 1538 ordiri,
903 1449 996 1544 qnod
1010 1448 1128 1521 sensui
1137 1453 1260 1518 notum

186 1565 249 1630 est.
264 1557 410 1632 Constat
421 1583 558 1657 nempe,
573 1563 763 1637 vesiculam
777 1566 931 1656 felleam,
945 1564 1063 1638 nervis
1075 1564 1259 1658 praeditam

186 1697 275 1758 esse,
289 1675 345 1746 uti
368 1681 405 1748 et
422 1699 543 1770 porum
566 1676 731 1751 bilarium
754 1702 762 1750 :
784 1679 914 1752 debent
938 1679 1059 1773 itaque
1082 1678 1260 1750 sensitiva

186 1809 273 1878 esse,
290 1810 331 1859 ac
355 1790 507 1879 motivae,
524 1789 678 1885 adeoque
701 1791 904 1865 irritabiles.
930 1789 1025 1876 Quid
1046 1790 1139 1864 enim
1163 1791 1263 1862 aliud

187 1909 314 1996 prat-er
327 1902 512 1976 facultates
526 1904 617 1992 illes,
636 1906 680 1976 ad
694 1905 928 1978 irritationem
943 1905 981 1975 in
990 1903 1034 1976 iis
1047 1903 1257 1992 faciendam,

187 2003 427 2090 desideretur?
441 2017 614 2107 Profecto,
631 2019 802 2115 quidquid
817 2020 1075 2094 incommodum
1098 2017 1260 2091 alicunde

187 2130 328 2204 illatum
355 2130 525 2226 percipit,
555 2131 718 2227 idemque
747 2157 770 2206 a
798 2154 836 2208 se
864 2133 1001 2208 amoliri
1032 2133 1186 2228 satagit3
1223 2133 1261 2204 id

87 2295 98 2318 .
188 2246 326 2340 proprie
363 2246 495 2347 (11111111
532 2244 676 2341 irritari.
714 2247 867 2337 Idcirco,
912 2271 991 2320 cum
1028 2253 1146 2342 partes
1183 2246 1261 2318 istae

187 2359 336 2453 injurias
369 2359 643 2454 persentiscunt,
676 2383 819 2456 seseque
851 2363 895 2432 ab
926 2361 1050 2434 iisdem
1082 2359 1262 2432 vindicare

188 2482 377 2564 conentur,
401 2473 610 2548 irritationis
636 2497 774 2570 quoque
797 2497 939 2569 capaces
961 2475 1087 2548 merito
1106 2474 1262 2547 dicendae

189 2596 285 2662 sunt.

236 2737 253 2771 «
270 2705 344 2778 Imo
358 2729 453 2796 vem,
469 2705 644 2801 duplicem
663 2705 898 2779 irritationem
911 2705 1091 2777 subeunt:
1113 2725 1262 2799 quarum

189 2821 336 2893 alteram
360 2824 567 2910 oriqiooliter
587 2821 754 2894 habenta
772 2841 809 2892 se
822 2819 920 2912 ipsiS,
937 2819 1083 2890 alteram
1099 2841 1120 2888 a
1138 2824 1261 2890 mutuo

190 2957 270 3006 cum
284 2934 363 3008 aliis
377 2936 535 3030 partibus
552 2957 734 3008 consensu.

241 3075 258 3114 «
272 3046 328 3119 Ad
344 3071 463 3121 earum
486 3049 633 3143 primam
649 3053 739 3144 quod
762 3048 905 3137 attinet,
925 3049 1046 3122 licebit
1063 3069 1182 3120 eorum
1205 3067 1261 3118 111

190 3163 339 3253 cordari,
367 3185 444 3259 quae
463 3163 539 3256 jam
561 3163 696 3258 pridem
717 3165 854 3238 anobis
876 3163 970 3236 dicta
991 3170 1074 3236 sunt
1085 3185 1095 3253 ;
1123 3181 1260 3254 nempe,

191 3279 380 3350 humorem·
398 3279 560 3352 biliosum
589 3280 683 3350 haud
707 3279 927 3352 continenter
948 3279 987 3350 in
1010 3277 1178 3350 intestina
1199 3274 1261 3347 de·-

190 3394 333 3487 pluere,
373 3393 434 3466 sed
462 3415 534 3487 ,per
571 3400 767 3487 temporum
801 3393 990 3466 intervalla
1026 3399 1062 3464 et
1101 3389 1263 3463 assultim

191 3507 356 3582 effluere:
381 3516 487 3602 atque
511 3509 573 3580 hos
600 3507 748 3580 effluxus
773 3507 987 3600 contingere,
1018 3504 1155 3600 quoties
1177 3524 1262 3575 vasa

191 3620 297 3693 fellea
305 3622 349 3692 ab
363 3621 519 3692 humoris
537 3622 594 3692 vel
616 3621 814 3715 quantitate
826 3621 884 3692 vel
901 3619 1072 3715 qualitate
1086 3619 1263 3691 lacessun-

191 3734 377 3829 tur,idque
388 3735 515 3808 obnixe
526 3737 871 3828 111111111111111
883 3733 1264 3826 illiusmolestioexpe·

192 3850 304 3922 diant.
324 3849 527 3942 Ibidemque
548 3849 654 3921 etiam
666 3851 818 3944 reperias
833 3848 1039 3922 beneficium
1056 3847 1131 3946 1111
1144 3869 1261 3935 usum,

193 3988 296 4058 quem
319 3963 533 4036 irritationes
561 3963 638 4034 istae
665 3963 866 4035 alternatim
897 3964 1070 4035 institutae
1099 3961 1261 4034 afferant.
1372 4017 1385 4028 ..

192 4082 310 4172 Atque
326 4085 473 4151 eatenus
489 4079 628 4165 saltem,
646 4101 833 4149 nervorum
859 4079 896 4150 iu
916 4077 995 4150 illas
1014 4085 1130 4172 partes
1149 4074 1266 4148 distri·
1360 4089 1363 4093 ·

191 4195 356 4266 butornm
384 4215 469 4266 usus
493 4191 714 4286 exprimitur,
743 4191 915 4286 siquidem
938 4215 1056 4265 eorum
1085 4213 1189 4286 opera
1210 4212 1267 4262 ac·

192 4309 308 4383 tiones
330 4309 408 4386 istae
420 4317 647 4406 peraguntur.
