3196 5228
772 626 933 689 ..16-

315 741 372 832 hic
387 783 423 833 sa
437 783 492 834 res
505 760 623 852 habet,
641 783 682 833 ac
707 759 736 834 si
761 763 905 834 surdum
928 763 1165 857 alloquereris,
1181 770 1243 834 aut
1255 763 1387 834 demor-

314 881 416 946 tuum
445 874 710 969 expergefacere
734 877 920 972 conareris.
942 904 958 940 »
980 873 1110 949 Verum
1125 876 1385 970 perceptionum

316 1009 393 1082 quae
415 989 459 1060 ad
483 996 616 1061 motum
641 988 807 1062 fibrarum
828 987 999 1085 spdotant,
1019 997 1091 1063 tras
1114 973 1244 1085 species
1259 989 1386 1061 distin-

315 1103 426 1193 guit:
455 1106 690 1174 «naturalem
722 1103 855 1178 scilicet
887 1110 923 1177 et
952 1104 1157 1177 sensitivam
1187 1109 1225 1176 et
1250 1105 1295 1176 ab
1326 1127 1386 1196 ap-

263 1221 271 1230 '
315 1217 429 1311 petitu
443 1220 587 1292 animali
606 1223 812 1314 regulatam.
827 1251 844 1290 a
858 1263 901 1275 -
914 1250 931 1290 o
945 1221 1072 1312 Prima,
1088 1227 1268 1307 naturalis,
1282 1243 1324 1294 ee
1333 1227 1387 1294 est

316 1357 385 1426 qua
403 1333 491 1406 fibra
515 1335 759 1409 alterationem
784 1336 851 1409 sibi
879 1337 1028 1427 illatam,
1048 1336 1124 1410 sive
1139 1345 1287 1430 gratam,
1312 1336 1386 1408 sive

314 1447 489 1540 ingratam
503 1449 710 1542 percipiam,
719 1453 764 1522 ad
774 1476 849 1525 eam
861 1451 1158 1546 appetendamvel
1168 1451 1383 1546 fugiendam,

314 1569 350 1633 et
372 1561 595 1636 conformiter
607 1566 652 1636 ad
669 1587 705 1637 se
720 1565 928 1639 movendam
955 1565 1199 1639 excitatur-
1212 1565 1383 1655 Secunde,

314 1680 467 1748 sensitiva
482 1685 535 1750 θεῖ
547 1701 587 1749 ea
602 1702 671 1773 qua
685 1680 786 1769 fibra,
808 1703 913 1752 sensu
934 1681 1176 1754 alterationem
1191 1681 1228 1752 in
1240 1687 1387 1754 externo

314 1812 442 1884 organo
453 1791 582 1864 factam
595 1796 796 1885 advertens,
814 1795 858 1866 ad
867 1794 1002 1890 aliquid
1016 1795 1262 1889 appetendum,
1279 1815 1385 1888 seque

314 1905 538 1980 conformiter
551 1910 772 2000 movendam,
792 1910 998 2005 impellitur.
1011 1951 1055 1966 -
1071 1912 1202 1998 Tertia,
1222 1915 1263 1980 ab
1287 1932 1386 2000 eppe·

314 2025 539 2114 titubatoroli
558 2029 723 2113 reputate,
735 2047 777 2096 ee
788 2032 842 2098 θεῖ
855 2049 924 2121 qua
940 2029 1119 2099 cerebrum
1129 2024 1385 2096 fibrasmuseu-

312 2135 426 2207 lorum
441 2135 486 2208 ad
500 2159 542 2210 ea
564 2158 642 2230 qua
672 2137 806 2231 appetit
825 2136 1209 2233 exsequendaabintus
1231 2157 1384 2208 commo-

313 2255 426 2320 vet.»
590 2271 592 2276 ·

357 2363 446 2436 Tum
465 2363 508 2437 da
531 2365 586 2438 his
609 2366 730 2440 ordine
749 2365 901 2440 disserit.
922 2371 1164 2459 Perceptt'ottem
1192 2369 1384 2436 statuentem

315 2505 340 2542 «-
362 2477 400 2550 in
436 2478 594 2568 casibus,
633 2481 670 2552 in
701 2480 827 2576 quibus
857 2482 954 2553 nulla
990 2480 1140 2576 suspicio
1174 2479 1383 2552 causationis

312 2593 452 2666 subesse
465 2600 582 2688 queat,
596 2623 612 2659 a
630 2603 823 2668 monstrare
834 2596 1026 2690 prasertim
1050 2594 1222 2667 enititur:
1239 2590 1384 2684 incujus

312 2706 443 2779 decreti
464 2708 614 2801 gratiam
633 2716 669 2781 et
692 2709 806 2781 cordis
828 2709 1060 2805 pulsationem
1085 2709 1242 2795 adducit,
1274 2735 1291 2774 o
1306 2729 1383 2801 quae

311 2842 375 2892 nec
400 2844 505 2894 sensu
528 2823 720 2916 peragitur,
742 2847 806 2897 neo
830 2824 999 2913 variatur,
1026 2845 1172 2918 quaeque
1194 2824 1288 2894 inter
1302 2821 1383 2892 dor-

311 2934 490 3016 miendum
512 2938 656 3011 minime
676 2946 807 3026 cessat;
825 2967 843 3004 »
867 2946 903 3012 θῖ
925 2968 943 3006 «
968 2944 1101 3010 motum
1126 2938 1383 3010 tumultuosum

265 3133 267 3136 ¹
311 3047 528 3142 animalium,
545 3051 752 3147 aliquandiu
775 3053 1031 3148 persistentem,
1058 3052 1239 3125 decollatis
1264 3074 1383 3124 eorum

312 3165 503 3258 capitibus3
517 3194 534 3232 a
557 3176 593 3240 θῖ
614 3195 630 3234 o
649 3168 815 3254 fibrarum
830 3168 1093 3256 muscularium,
1112 3168 1150 3238 in
1171 3154 1382 3238 animalibus

312 3279 499 3371 defunctis,
520 3282 659 3355 acribus
678 3291 715 3355 et
729 3285 967 3377 pungentibus
991 3281 1185 3376 liquoribus
1209 3287 1382 3352 tactorum

257 3435 260 3442 ,
313 3394 585 3467 contractionem
594 3419 605 3486 3
627 3424 645 3463 a
669 3404 706 3470 et
724 3426 740 3465 o
758 3397 1015 3469 mutitationem
1031 3405 1137 3490 atque
1155 3393 1382 3468 intorsionem

260 3599 266 3610 .
312 3506 559 3582 intestinorum
594 3510 709 3582 adhuc
745 3511 935 3582 calentium
961 3509 999 3580 iu
1037 3507 1223 3582 abdomine
1261 3528 1382 3579 recens

312 3629 449 3716 apert03
469 3653 485 3690 a
511 3632 547 3696 et
574 3647 608 3719 q.
637 3635 678 3695 ε’.
695 3665 740 3678 -
760 3654 777 3690 a
797 3624 904 3711 Hinc,
927 3623 991 3710 ait,
1012 3623 1098 3693 satis
1128 3628 1224 3692 certo
1253 3619 1382 3692 inferre

311 3736 405 3827 licet,
422 3735 538 3828 fibras,
549 3741 680 3832 absque
694 3761 858 3810 sensuum
872 3737 1018 3826 auxilio,
1030 3757 1129 3830 posse
1145 3733 1380 3805 irritationem

313 3852 489 3945 percipere
506 3860 543 3924 et
554 3851 777 3924 conformiter
795 3875 831 3922 se
847 3874 1015 3923 movere»
1030 3856 1072 3944 (p.
1088 3851 1177 3940 lli).

357 3967 446 4040 Item
461 3973 642 4060 appetitura
656 3972 880 4068 poterolema
894 3967 1063 4038 sensitivo
1080 3966 1219 4038 differre
1233 3963 1381 4050 evincit,
1437 4057 1439 4060 Ι

313 4089 349 4154 θῖ
365 4105 386 4155 a
402 4082 570 4155 sensitivo
585 4091 696 4170 motu,
712 4066 1044 4154 motum'eoterolem
1061 4085 1108 4174 (p.
1129 4080 1220 4172 175).
1239 4082 1288 4150 At
1305 4077 1381 4149 cui-

312 4196 399 4269 libet
411 4197 582 4292 appetitui
596 4197 752 4268 motuive
770 4198 928 4291 quaedam
941 4202 1070 4290 praeest
1083 4195 1238 4288 ejusdem
1251 4193 1380 4287 gradus

311 4313 506 4407 perceptio;
531 4319 568 4387 et
591 4310 778 4404 cujuslibet
800 4310 979 4383 nobilioris
1002 4307 1234 4405 perceptionis
1259 4335 1277 4374 a
1301 4329 1379 4400 per·
