3196 5228
656 599 692 618 ,.
714 561 752 628 ar
776 601 815 614 ..

205 717 268 782 quo
288 708 416 764 natura
436 699 661 766 substantiolis
679 718 738 766 suo
756 698 1091 784 pertemptatam
1109 708 1270 768 sustento·

203 811 289 878 tione
307 811 445 880 ulterius
465 814 515 880 rei
533 823 652 880 ereata
664 833 697 880 sa
717 812 874 899 suffulcit.
892 836 956 881 »...
980 810 1076 882 «Est
1091 811 1185 882 enim
1199 810 1269 881 ima

203 921 297 994 basis
311 928 347 994 et
365 920 465 1016 quasi
483 922 648 996 ultimum
664 921 859 1013 subjeetum
878 923 1070 1017 ultimaque
1083 946 1186 996 eausa
1200 948 1270 994 nra·

203 1035 350 1125 terialis,
371 1057 441 1129 qua
460 1036 549 1110 alter
568 1042 755 1130 eonoeptus
773 1034 1018 1129 inadaequatus
1037 1043 1174 1109 naturae
1190 1039 1270 1108 sub-

203 1148 398 1240 stantialis,
426 1171 551 1244 nempe
575 1156 712 1223 naturae
735 1150 962 1243 energetioae,
990 1157 1219 1224 sustentatur.
1253 1181 1267 1214 a

203 1266 325 1336 Altera
351 1264 497 1358 (scilieet
520 1265 746 1338 subsistentia
771 1266 980 1354 adventitia,
1007 1288 1069 1338 seu
1094 1264 1267 1354 modalis).

206 1405 223 1446 «
237 1383 291 1450 est
312 1379 526 1452 solummodo
540 1378 710 1452 terminus
722 1377 863 1472 quidam
879 1377 954 1450 sive
968 1381 1089 1452 modus
1106 1403 1127 1450 a
1143 1389 1270 1454 natura

204 1492 439 1583 substantiali,
467 1499 640 1589 quatenus
669 1495 713 1564 ab
739 1491 819 1564 aliis
846 1491 960 1565 divisa
984 1499 1067 1582 stat,
1096 1494 1271 1568 resultans
1325 1549 1328 1554 n

204 1609 279 1684 sivo
301 1608 498 1699 dimanans,
526 1634 593 1705 quo
618 1611 690 1683 solo
716 1611 848 1696 addito,
871 1609 948 1682 haeo
972 1619 1161 1706 utcumque
1182 1613 1271 1686 inse

204 1724 380 1816 abstraota
413 1730 449 1797 et
479 1724 703 1818 incompleta,
739 1724 898 1797 redditur
934 1733 1095 1799 oonoreta
1117 1735 1153 1800 et
1180 1751 1272 1800 oom-

203 1840 312 1934 pieta.
332 1839 426 1930 affl,
442 1840 490 1931 4.)

247 1954 424 2044 Jamvero,
440 1952 525 2047 quid
537 1959 590 2025 est
599 1951 906 2031 substantialitas?
920 1954 1013 2039 Quid
1029 1958 1180 2026 natura?

248 2098 265 2136 a
282 2067 569 2141 substantialitas
583 2067 740 2140 eamdem
755 2067 1015 2142 distinctionem
1026 2093 1131 2164 quam
1145 2070 1271 2141 subsis-

201 2182 314 2256 tentia
330 2180 573 2255 admittitVel
587 2181 680 2254 enim
689 2183 839 2254 sumitur
849 2183 920 2254 late
929 2192 1100 2276 quatenus
1110 2207 1179 2256 non
1193 2193 1270 2254 tau·

203 2304 280 2368 tum
294 2296 465 2369 modalem
479 2295 752 2386 subsistentiam,
769 2297 830 2369 sed
847 2304 883 2368 et
900 2296 1013 2390 ipsam
1027 2297 1270 2370 fundamenta-

203 2411 286 2498 lem,
301 2410 583 2506 comprehendit3
606 2412 664 2483 vel
677 2409 810 2498 striato,
828 2416 864 2480 et
881 2412 987 2482 solam
1010 2411 1271 2484 subsistentiam

203 2524 375 2597 modalem
388 2526 542 2598 denotat.
565 2553 582 2592 a
597 2525 643 2614 H,
662 2525 695 2596 5.
713 2565 756 2578 -
768 2525 1018 2596 Naturaetiam
1033 2525 1269 2620 variisaooep·

201 2637 357 2710 tionibus
374 2639 524 2710 obnoxia
543 2646 608 2712 est.
630 2669 643 2702 s
666 2638 959 2731 Frequentissima
973 2647 1009 2710 et
1033 2640 1181 2712 maxime
1199 2640 1270 2712 usi-

202 2758 278 2824 tata
301 2760 438 2825 naturae
458 2753 667 2846 significatio
693 2775 734 2825 ea
757 2759 823 2840 est,
852 2776 922 2847 qua
943 2753 1087 2826 denotat
1108 2760 1271 2826 rationem

203 2872 347 2957 cujusvis
366 2874 415 2940 ra·
432 2873 645 2960 metapbpsa'oa
672 2873 895 2952 obsrraatam;
909 2875 950 2940 ut
965 2869 1165 2942 humanitas
1186 2870 1273 2943 dioit

201 2989 365 3054 naturam
389 2982 555 3069 hominis,
583 2982 811 3055 materialitas
830 2989 992 3055 naturam
1015 2974 1184 3070 materiae,
1202 2993 1269 3058 eto.

201 3095 410 3189 Appellatur
431 3097 535 3169 etiam
560 3101 718 3180 Essaatio,
743 3101 926 3181 Quidditos,
952 3103 1047 3169 ilatio
1069 3103 1222 3188 formalis
1235 3106 1270 3171 et

199 3215 320 3280 Forma
343 3214 455 3282 totius.
485 3210 612 3284 Differt
639 3235 660 3282 a
685 3211 810 3283 Forma
838 3210 983 3304 physion
1012 3218 1103 3306 (quaa
1127 3221 1270 3286 vocatur

197 3331 310 3414 [orma
331 3327 453 3417 partis)
479 3332 521 3396 ut
537 3325 721 3398 includens
744 3327 788 3396 ab
808 3326 956 3414 inoluso,
988 3326 1063 3398 sive
1086 3333 1128 3399 ut
1155 3334 1270 3399 totum

198 3461 219 3510 a
232 3447 373 3532 parte.»
391 3439 438 3530 H,
454 3437 488 3510 6.
502 3467 546 3494 -··
559 3439 601 3511 In
615 3440 687 3510 lata
702 3444 820 3511 autem
832 3439 1031 3532 aooeptione
1046 3447 1172 3514 natura
1187 3442 1265 3513 sub·
1345 3455 1349 3462 ·

197 3553 392 3625 sistentiam
409 3553 705 3626 fundamentalem
728 3577 979 3649 nonnunquam
999 3553 1160 3641 includit,
1186 3578 1265 3648 quae

196 3674 272 3738 tum
300 3667 525 3742 subsistentia
555 3667 735 3742 essentalis
770 3667 971 3740 nominatur
994 3675 1030 3740 et
1059 3668 1265 3741 adventitiae

197 3780 271 3853 sive
285 3782 414 3853 modali
428 3780 632 3876 opponitur,
649 3783 687 3852 in
708 3782 880 3854 strictiore
898 3805 980 3854 vero
999 3765 1102 3856 sensu
1117 3785 1265 3856 'voeabu-

196 3895 269 3966 lum
283 3911 421 3986 statura,
439 3904 601 3968 naturam
615 3903 753 3968 tantum
768 3895 999 3988 energetieam
1016 3896 1113 3984 dioit,
1129 3897 1262 3970 scilieet

198 4009 382 4082 constituit
407 4009 639 4081 substantiam
666 4031 735 4080 non
766 4037 783 4073 «
800 4009 837 4080 in
866 4009 988 4082 ordine
1012 4009 1057 4080 ad
1080 4032 1154 4082 esse
1181 4033 1259 4105 prod

197 4123 346 4218 prium»
382 4124 443 4196 sed
467 4130 607 4196 tantum
645 4123 720 4192 «in
748 4121 868 4194 ordine
892 4125 936 4195 ad
966 4125 1212 4220 operationem.
1242 4153 1259 4190 a

197 4239 329 4312 Natura
344 4237 420 4311 haee
435 4237 601 4312 definitur
624 4269 639 4303 a
658 4243 822 4310 inteream
843 4244 1034 4314 substantia
1048 4245 1260 4333 principiam,
