3196 5228
763 1796 862 1869 cnr.
889 1797 943 1899 u„

416 2137 550 2200 «Scopas
567 2133 721 2187 authoris»
738 2137 765 2186 et
781 2148 887 2186 summe
904 2137 994 2200 operis
1011 2137 1122 2201 abipso
1139 2135 1281 2188 delineata.

357 2449 379 2521 J
381 2450 482 2519 amin
498 2451 645 2538 Epistola
660 2451 866 2518 dedicatoria
874 2453 1002 2535 noster,
1014 2469 1120 2540 quum
1136 2447 1252 2518 minus
1267 2454 1384 2541 speret

312 2565 386 2634 fore
395 2570 437 2633 ut
448 2569 613 2656 patronus
626 2585 739 2632 suasa
751 2560 887 2654 magnis
901 2563 1000 2654 regni
1014 2560 1190 2654 negotiis«
1205 2563 1250 2633 ad
1264 2561 1382 2634 studia
1401 2579 1402 2582 ’

313 2674 386 2746 haec
416 2675 689 2766 contemplativa
715 2681 891 2762 avocetur,
915 2701 931 2739 a
973 2672 1125 2767 aliquam
1154 2674 1187 2748 ei
1216 2671 1380 2765 subjectae

313 2789 467 2860 materiae
488 2787 658 2859 rationem
683 2786 734 2858 ita
755 2785 896 2872 reddit:
919 2787 1093 2859 albactat
1119 2787 1185 2880 (hic
1210 2788 1311 2878 liber)
1338 2788 1381 2860 dc

313 2910 451 2991 natura,
472 2902 733 2972 nominetenus
756 2898 948 2988 notissima,
977 2923 1014 2971 re
1034 2901 1154 2995 paucis
1173 2901 1378 2972 intellecta:

313 3015 378 3086 hoc
392 3023 457 3104 est,
475 3022 605 3086 tractat
628 3016 670 3086 de
699 3019 769 3087 Vita
790 3028 923 3085 actara
950 3020 1142 3103 onocoetae,
1172 3037 1240 3108 qua,
1259 3035 1379 3086 omnes

312 3128 467 3221 cujusvis
498 3127 631 3199 ordinis
662 3136 830 3200 creaturae
855 3129 1102 3201 substantiales
1133 3128 1262 3200 dotatae
1284 3135 1379 3212 sunt,

311 3266 458 3338 quaeque
472 3265 513 3314 ea
530 3241 604 3335 ipsa
620 3248 672 3314 est
687 3249 813 3314 natura
828 3243 871 3313 de
887 3249 1042 3336 quotam
1063 3241 1248 3337 magnifica
1269 3243 1381 3334 splen-

311 3357 461 3450 didaque
484 3378 562 3427 cum
588 3358 632 3427 ab
658 3354 813 3448 antiquis
837 3362 914 3426 tum
933 3379 954 3426 a
972 3355 1147 3428 modernis
1166 3354 1382 3450 philosophis

310 3470 497 3566 praedicata
513 3476 607 3540 sunt.
631 3469 762 3541 Verum
776 3469 803 3539 ii
816 3469 917 3562 pauci
933 3470 994 3563 qui
1010 3471 1101 3542 hanc
1115 3477 1252 3542 naturae
1268 3470 1379 3540 vitam

310 3583 480 3657 hactenus
496 3590 730 3676 agnoverunt,
747 3605 859 3676 neque
873 3581 1220 3673 substantialemejus
1230 3582 1379 3655 inrebus

311 3698 529 3770 naturalibus
544 3697 713 3790 originem
729 3697 964 3782 declararunt,
982 3720 1094 3791 neque
1106 3698 1251 3770 eandem
1267 3697 1379 3768 avita

309 3811 499 3904 vegetabili
529 3817 592 3880 aut
624 3808 769 3880 animali
799 3810 884 3882 satis
915 3809 1379 3882 discriminarunt1nedum

309 3923 557 3997 secretioribus
583 3921 658 4014 ejus
682 3925 842 4018 vestigiis
864 3923 1078 4013 insistentes,
1103 3925 1230 4018 quibus
1253 3924 1379 3995 mediis

310 4047 347 4112 et
372 4037 439 4110 viis
459 4038 577 4110 eadem
604 4062 625 4108 a
644 4037 797 4109 naturali
818 4038 861 4109 ad
882 4037 1113 4130 vegetabilem
1133 4045 1169 4109 et
1192 4037 1378 4108 animalem

310 4153 465 4248 profecto
489 4159 554 4234 est,
572 4151 858 4244 investigarunt:
877 4151 1020 4223 minime
1036 4152 1191 4224 omnium
1206 4152 1379 4246 quomodo

310 4271 428 4343 anima
443 4267 646 4358 materialis,
662 4268 870 4361 vegetabilis
888 4276 924 4340 et
946 4267 1125 4356 sensitiva,
1143 4289 1162 4340 e
1177 4266 1251 4338 vita
1271 4275 1379 4340 mate·
