3156 5232
762 557 941 626 ..111-

320 687 529 766 substantiae
542 689 616 764 vim
629 689 772 772 insitam
787 693 967 787 vitamque
980 693 1094 767 111111
1111 698 1225 788 putat,
1241 689 1302 766 sed
1320 687 1387 786 ipsi

319 809 442 902 primae
458 831 520 880 seu
538 807 643 879 nudae
660 805 818 878 materiae
841 807 941 900 quasi
956 807 1194 880 rudimentum
1213 806 1386 902 quoddam

319 929 457 994 naturae
467 922 674 1014 energeticae
683 920 757 1012 jam
771 921 910 1012 tribuit,
922 945 990 1016 quo
1000 923 1063 995 illa
1076 923 1231 996 futuram
1240 907 1387 994 formam

319 1045 354 1108 et
375 1038 535 1131 percipit,
549 1043 585 1109 et
599 1037 747 1130 appetit,
773 1043 810 1108 et
833 1045 955 1130 sponte
979 1061 1093 1124 asuo,
1118 1046 1160 1110 ut
1184 1036 1236 1110 ita
1258 1037 1384 1126 dicam,

317 1153 449 1246 gremio
464 1152 596 1241 educit,
614 1160 650 1224 et
665 1152 826 1224 eductam
840 1159 973 1242 tuetur,
990 1175 1053 1226 neo
1068 1153 1136 1226 nisi
1150 1152 1266 1224 invita
1276 1153 1385 1224 victa·

317 1291 386 1361 que
400 1268 540 1340 deserit.
557 1265 626 1339 Hic
640 1274 761 1339 contra
776 1268 819 1339 de
832 1268 980 1339 materia
993 1269 1105 1362 prima
1123 1291 1301 1361 nunquam
1318 1269 1384 1338 ali-

316 1391 370 1454 ter
388 1405 429 1454 ac
453 1382 496 1453 de
512 1382 670 1475 potentia
693 1403 788 1453 mera
813 1381 980 1475 loquitur,
998 1404 1144 1476 eamque
1164 1389 1282 1475 aperte
1306 1384 1385 1452 vult

211 1487 215 1491 ’
316 1501 378 1566 111
396 1493 485 1564 nihil
497 1515 584 1584 esse,
601 1501 663 1565 aut
676 1493 714 1564 in
729 1517 851 1586 puram
862 1495 1010 1566 formam
1023 1518 1084 1567 111
1098 1497 1262 1580 ἐντελέχειαν
1272 1503 1382 1567 totam

317 1607 423 1678 abire.
439 1607 562 1699 ltaque
576 1605 636 1676 ille
646 1628 716 1676 non
732 1607 872 1678 omnino
881 1605 1011 1700 injuria
1023 1607 1159 1680 dicatur
1170 1610 1208 1681 11
1222 1613 1382 1680 11111111-

316 1725 413 1805 licat,
431 1729 473 1791 ut
485 1723 596 1808 aiunt,
613 1726 729 1812 partes
745 1721 942 1814 plusculum
953 1722 1190 1813 inclinavisse,
1206 1724 1276 1796 nisi
1291 1723 1384 1817 quod

314 1844 431 1907 111111
445 1835 512 1928 ipsi
526 1833 685 1904 materiae
699 1841 811 1906 totam
832 1835 1049 1928 spiritualem
1071 1845 1245 1929 naturam,
1273 1845 1384 1910 totam

313 1951 386 2022 fere
401 1949 546 2044 spiritus
569 1949 774 2041 dignitatem
795 1950 971 2021 tribuerit.
989 1950 1058 2022 Hic
1079 1974 1162 2024 vero
1190 1975 1260 2023 non
1282 1951 1384 2023 modo

313 2083 450 2135 omnem
466 2063 699 2135 substantiam
712 2065 757 2134 ad
771 2064 958 2157 imaginem
974 2065 1101 2140 mentis
1120 2066 1383 2159 concipiendam

311 2201 386 2250 esse
400 2176 605 2266 arbitratur,
622 2177 682 2248 sed
698 2177 788 2248 nihil
802 2179 909 2250 etiam
923 2179 1104 2268 exsistere,
1122 2187 1253 2274 praeter
1267 2185 1383 2252 vario-

311 2317 389 2363 rum
406 2292 578 2384 graduum
590 2291 737 2381 animas,
761 2294 855 2364 iuter
880 2315 917 2364 11
941 2295 1139 2382 conoeides,
1164 2317 1382 2388 quarumque

313 2406 393 2476 aliae
407 2404 485 2476 11111
500 2404 725 2476 dominantur
730 2429 741 2496 3
762 2415 868 2500 atque
882 2406 969 2478 adeo
984 2429 1056 2478 non
1064 2408 1192 2483 nimias
1208 2431 1383 2502 corporeae

312 2519 469 2591 materiae
483 2525 599 2612 partes
616 2521 785 2612 assignat,
804 2527 845 2590 ut
857 2543 939 2591 eam
953 2522 998 2591 ad
1020 2549 1037 2587 1
1060 2523 1299 2615 apparentiam
1324 2546 1381 2594 co-

312 2635 504 2704 haerentem
516 2659 533 2700 »
556 2655 618 2705 seu
641 2634 686 2703 ad
706 2663 723 2699 «
737 2633 966 2726 phaenomena
988 2635 1076 2707 bene
1095 2636 1274 2706 fundata»
1288 2637 1383 2708 redi·

312 2771 393 2840 gere
423 2755 528 2835 amet,
559 2769 769 2840 corporaque
795 2753 941 2819 extensa
971 2749 1009 2818 in
1034 2749 1235 2820 inextensas
1262 2757 1298 2821 et
1325 2751 1380 2822 sui

313 2861 467 2933 conscias
483 2860 648 2931 monades
663 2861 763 2953 quasi
776 2884 985 2934 evanescere
999 2862 1104 2934 sinat.

357 2977 446 3046 Pace
461 2974 505 3046 V.
533 2971 662 3046 Cousin
684 2973 846 3058 dixerim,
867 2975 1031 3048 monades
1052 2977 1145 3070 apud
1167 2977 1381 3050 Glissonium

313 3090 420 3160 nullae
427 3111 438 3177 ;
459 3088 735 3181 «praestabilitas
757 3089 951 3160 harmoniae
969 3119 986 3157 »
1003 3113 1047 3162 ne
1073 3092 1218 3162 minima
1241 3091 1379 3184 quidem

312 3202 473 3296 suspicio.
491 3201 567 3272 Hoc
586 3201 755 3273 Leibnitii
774 3205 953 3296 proprium
968 3214 1022 3276 est
1044 3227 1085 3275 ac
1102 3206 1289 3298 peculiare,
1315 3207 1381 3275 hoc

311 3313 386 3406 ejus
400 3314 594 3386 doctrinam
607 3314 767 3407 insignit.
786 3315 956 3409 Equidem
974 3318 1166 3411 simplicem
1185 3342 1258 3390 esse
1281 3322 1380 3392 subs·

311 3429 460 3500 tantiam
474 3427 648 3500 Glissonio
664 3451 801 3522 quoque
815 3430 946 3522 placet,
961 3431 1023 3504 sed
1040 3432 1144 3504 istam
1163 3433 1225 3504 ille
1244 3432 1379 3524 simpli-

312 3546 454 3616 citatem
476 3541 519 3613 de
546 3543 743 3612 substantia
764 3543 800 3612 in
825 3566 966 3636 genere,
981 3545 1024 3617 cle
1043 3547 1216 3618 abstracto
1247 3545 1381 3616 11111111

312 3657 519 3731 substantiae
528 3664 710 3750 conceptu,
720 3679 940 3752 nequaquam
953 3660 996 3730 de
1007 3661 1206 3733 substantia
1219 3667 1380 3732 concreta

312 3797 373 3846 seu
388 3774 557 3865 completo
572 3775 749 3860 supposito,
771 3773 952 3864 praedicat.
979 3773 1075 3846 Solos
1093 3797 1217 3868 nempe
1243 3801 1260 3840 a
1281 3775 1379 3868 spiri-

310 3894 399 3958 tus»
414 3885 501 3956 reali
515 3885 651 3955 unitate
665 3883 734 3955 frui
752 3893 871 3956 censet
885 3908 946 3958 seu
961 3888 1121 3960 absoluta
1136 3888 1375 3980 simplicitate.

312 4000 520 4094 Corporibus
532 3999 652 4093 itaque
664 3999 770 4088 vulgo
782 3998 912 4071 dictam
921 4001 1189 4073 continuitatem
1204 4003 1375 4092 concedit,

311 4138 456 4209 eamque
477 4114 514 4184 in
538 4113 694 4206 qualibet
712 4120 812 4204 parte
841 4113 1020 4186 dividuam
1047 4139 1087 4186 ac
1112 4116 1375 4208 penetrabilem,

310 4229 451 4302 minime
462 4229 558 4298 illam
574 4225 801 4298 discretarum
825 4249 886 4298 seu
906 4239 988 4301 1111
1007 4229 1199 4305 divisarum
1221 4230 1375 4324 partium
