3156 5232
746 635 904 700 ..80-

288 764 542 840 infarciendum
556 766 723 838 mundum
740 766 915 838 duntaxat
928 772 1058 838 natam.
1077 793 1094 830 »
1110 763 1257 836 Materia
1272 784 1351 836 con·

287 891 343 953 tra
368 888 422 954 est
447 901 517 952 non
545 885 684 952 tanturn
705 886 842 952 naturae
857 880 975 952 vitalis
1000 901 1123 973 capax,
1142 879 1253 951 sedet
1271 884 1351 950 actu

287 995 405 1067 viva¹.
437 994 536 1080 Quod
570 995 631 1087 qui
671 996 821 1088 pressius
852 998 998 1090 probare
1035 993 1248 1088 aggreditur,
1281 1017 1351 1066 non

287 1131 426 1182 neeesse
446 1120 499 1180 est
514 1114 555 1179 ut
569 1131 609 1180 ea
628 1115 766 1181 tantum
787 1110 909 1182 afferat
933 1114 1151 1204 argumenta,
1180 1129 1259 1202 quae
1280 1113 1353 1179 tres

287 1223 472 1295 facultates
490 1245 590 1316 aeque
601 1224 712 1317 primo
728 1225 904 1311 etdireote
919 1225 1175 1308 demonstrent3
1193 1222 1252 1295 sed
1266 1221 1352 1293 satis

289 1345 341 1410 est
354 1337 384 1408 si
401 1338 553 1431 aliquam
569 1361 613 1410 ex
635 1337 679 1410 iis
697 1363 803 1411 unam
817 1339 1005 1412 efficaciter
1017 1341 1176 1432 probent.
1200 1365 1217 1404 «
1234 1335 1352 1408 Posita

289 1453 382 1524 enim
395 1451 609 1546 perceptiva,
626 1452 683 1524 oui
698 1453 777 1524 usui
796 1475 870 1525 esse
885 1459 1012 1546 potest,
1028 1452 1097 1524 nisi
1115 1451 1219 1522 simul
1234 1471 1350 1522 conce-

289 1565 393 1635 datur
415 1565 621 1658 appetitiva.
640 1565 758 1637 Posito
781 1565 985 1660 appetitiva,
1002 1585 1043 1636 ea
1057 1564 1189 1634 frustra
1203 1567 1268 1651 est,
1283 1561 1351 1632 nisi

289 1678 320 1750 ei
340 1679 547 1772 respondeat
570 1686 714 1768 mot1va,
744 1701 824 1774 quae
845 1685 1050 1775 proseqatur
1071 1684 1133 1750 aut
1149 1677 1263 1771 fugiat
1289 1678 1351 1749 bo-

289 1813 372 1862 num
387 1799 448 1864 aut
466 1793 597 1864 malum
613 1792 877 1886 apprehensum.
896 1791 1055 1886 Denique
1069 1790 1200 1862 motiva
1215 1789 1352 1860 inutilis

289 1912 324 1976 et
338 1905 523 1977 temeraria
537 1913 602 1994 est,
616 1907 677 1977 ubi
697 1929 767 1978 non
781 1913 942 1979 movetur
955 1907 999 1977 ad
1012 1907 1116 1976 finem
1129 1903 1352 1998 expetibilem

287 2019 554 2113 assequendum.
571 2019 667 2092 Finis
688 2020 887 2114 expetibilis
905 2021 1024 2091 nullus
1040 2026 1093 2091 est
1110 2018 1170 2112 qui
1189 2039 1258 2089 non
1273 2006 1369 2110 per?

288 2131 416 2224 cipitur
425 2154 436 2221 ;
456 2135 557 2220 ignoti
570 2137 665 2203 collo
681 2139 811 2223 cupido.
827 2134 883 2205 Ita
898 2157 979 2228 ergo
989 2133 1047 2205 hae
1061 2132 1245 2205 facultates
1260 2130 1352 2202 inter

287 2270 322 2318 se
340 2254 625 2336 concatenantur,
640 2256 682 2320 ut
701 2248 815 2342 posita
838 2271 958 2320 earum
985 2271 1069 2338 una,
1099 2247 1245 2340 reliquae
1271 2246 1352 2316 duae

287 2355 406 2426 cadem
423 2377 527 2446 opera
544 2363 757 2428 asseruntur.
779 2385 796 2422 a
811 2355 906 2446 XVI,
925 2357 956 2445 l,
972 2357 1006 2428 ⁶2.

298 2503 307 2512 -
329 2467 525 2562 Dupliciter
546 2476 676 2556 autem,
693 2471 750 2541 vel
764 2493 785 2540 a
798 2471 925 2564 priore,
944 2475 998 2542 vel
1017 2496 1038 2543 a
1055 2472 1256 2565 posteriore,
1270 2496 1348 2566 pro-

285 2584 406 2656 cedere
431 2583 526 2655 lioet.
551 2584 667 2655 «Etsi
695 2587 789 2656 enim
814 2593 1019 2678 argumenta
1045 2611 1066 2658 a
1092 2587 1207 2682 priore
1235 2587 1350 2660 minus

285 2697 444 2791 cogentia
472 2705 568 2786 sunt,
591 2722 661 2770 non
693 2706 811 2773 tamen
837 2701 977 2794 penitus
996 2703 1144 2774 tacenda
1170 2703 1348 2785 videntur,

285 2813 479 2882 saltemne
512 2811 550 2881 in
583 2820 717 2905 partem
755 2815 936 2886 adversam
966 2814 1080 2887 invita
1104 2817 1302 2888 trahantur.
1333 2843 1349 2882 a

285 2923 486 2996 Auctoritas
514 2925 665 3018 primum
692 2926 848 2999 Platonis
871 2927 1068 3020 invocatur,
1095 2931 1168 3024 qui,
1196 2931 1348 3024 «mundi

285 3039 523 3111 admirabilem
550 3039 716 3113 fabricam
740 3043 1004 3137 contemplatus,
1035 3068 1105 3116 non
1131 3046 1246 3138 potuit
1272 3046 1345 3116 ani-

284 3175 379 3222 mum
397 3152 615 3227 inducerent
629 3158 784 3228 crederet
798 3179 877 3230 eum
892 3167 1048 3232 constare
1060 3183 1105 3232 ex
1118 3162 1190 3232 sola
1209 3161 1347 3255 stupida

283 3273 319 3338 et
352 3266 558 3339 cadaverosa
597 3269 754 3341 materiae
780 3272 881 3361 mole,
914 3271 1145 3369 adjunxitque
1171 3275 1344 3369 spiritum,

283 3402 385 3473 quern
397 3387 672 3454 mendicatarum
685 3386 826 3457 vocavit
843 3391 867 3457 ¹.
887 3413 903 3453 a
930 3387 1097 3461 Similiter
1109 3389 1343 3484 Peripatetici,

283 3497 512 3567 constantiam
554 3497 733 3592 fixumque
772 3499 927 3573 ordinem
956 3511 1122 3576 'motuum
1167 3528 1345 3600 corporum
1422 3599 1426 3610 η

281 3609 472 3681 caelestium
491 3612 779 3703 observantesiis
796 3637 876 3687 suos
896 3623 1045 3690 motores
1067 3618 1269 3710 diviniores,
1288 3621 1346 3691 ad-

312 3830 320 3862 ⁴
339 3831 422 3882 Leibu.
444 3833 539 3899 Ertm,
559 3849 584 3899 p.
604 3834 658 3898 132,
674 3835 721 3886 col.
738 3836 760 3888 1.
778 3851 792 3888 u
807 3838 835 3888 le
848 3853 879 3890 ne
892 3843 992 3892 connais
1003 3845 1070 3908 point
1082 3859 1122 3896 cer
1134 3861 1229 3899 moraes
1243 3849 1342 3910 veroa,

276 3909 384 3962 inutiles
398 3916 421 3962 at
433 3914 498 3964 deas
517 3914 665 3980 l’iacea'oa,
677 3916 735 3966 dont
745 3931 775 3968 on
789 3919 864 3982 parlo.
877 3920 895 3970 ll
909 3937 923 3984 y
935 3936 949 3972 e
962 3923 991 3974 dc
1004 3924 1100 3978 l’action
1113 3931 1239 3991 partout...
1250 3929 1266 3980 il
1280 3931 1318 3995 η’]
1331 3945 1344 3982 a

278 3991 346 4055 point
358 3992 387 4042 de
399 4006 469 4058 corps
481 4008 537 4045 sans
553 4003 715 4057 mouvement,
727 3997 751 4048 ni
763 3998 792 4050 tle
804 3999 931 4052 substance
943 4017 999 4054 sans
1010 4005 1092 4058 ellort.
1100 4009 1284 4070 ›r-ltoacdol,
1295 4010 1325 4060 69
1337 4025 1343 4062 :

279 4083 293 4120 u
308 4071 326 4120 ll
345 4072 384 4138 n'y
396 4087 409 4123 a
422 4074 473 4125 rien
486 4074 610 4138 d'inonlte,
625 4076 655 4129 de
666 4077 756 4139 sterile,
770 4079 800 4130 de
816 4087 880 4132 mort
896 4082 956 4134 dans
972 4083 1095 4137 l'nnivers.
1106 4104 1120 4140 u
1131 4117 1160 4126 —
1175 4090 1263 4143 Prior.
1275 4091 1306 4142 de
1318 4090 1344 4140 lc

279 4153 336 4202 Nat.
349 4161 371 4204 ct
380 4154 411 4204 de
421 4155 449 4205 lc
461 4157 545 4220 ordre,
557 4157 581 4209 1.
594 4157 695 4208 alonte
708 4158 729 4208 la
742 4165 828 4212 nature
840 4167 877 4212 est
889 4164 968 4228 pleinc
981 4167 1011 4218 de
1021 4171 1067 4218 vle.
1082 4183 1096 4220 a

299 4231 322 4266 '²
340 4234 422 4328 Leibn.
440 4237 547 4304 Πείρεω
563 4244 670 4302 actam,
682 4239 707 4292 2.
722 4242 815 4305 lirim,
833 4256 857 4307 p.
870 4245 913 4296 lot
930 4259 937 4296 ι
955 4259 970 4298 n
981 4249 1106 4302 armatior
1120 4251 1211 4302 nullam
1228 4252 1281 4304 dari
1297 4255 1345 4305 ani·

279 4325 342 4364 mam
356 4318 470 4369 universi.
480 4332 495 4370 u
1279 4337 1282 4344 ’
