3196 5228
759 567 919 630 ..10-

306 703 367 791 cit,
383 709 424 773 ut
438 700 523 796 quid
536 701 702 796 praecipui
717 700 878 795 quodque
899 699 1077 772 contineat
1100 696 1254 770 breviter
1269 718 1375 791 expe·

306 817 393 888 diat.

353 958 370 996 «
385 929 427 1002 ln
442 933 618 1002 Anutomio
630 936 803 1022 Hepotis...
819 931 929 1004 multa
941 954 961 1001 a
971 927 1144 1002 Glissonio
1155 933 1217 1000 aut
1229 926 1375 1000 inventa

306 1045 457 1138 egregie,
470 1051 532 1116 aut
541 1046 799 1118 accuratissime
809 1046 995 1139 descripta,
1004 1043 1373 1136 vaginam,interalia‚

306 1182 383 1254 quae
399 1161 442 1231 ab
457 1158 531 1251 ipso
546 1182 671 1232 nomen
688 1160 806 1250 habet,
829 1159 964 1253 (gallice
989 1162 1120 1250 capable
1136 1163 1174 1228 dc
1193 1160 1373 1245 Glisma)...

310 1275 396 1347 «De
410 1281 508 1347 motu
521 1275 603 1347 bilis
624 1298 706 1347 vere
723 1284 759 1348 et
781 1275 995 1347 utiliter»...
1020 1273 1271 1366 Injectionibus
1292 1294 1376 1344 usus

305 1396 370 1476 est,
388 1411 558 1483 suumque
570 1391 733 1461 tubulum
748 1390 924 1484 depictum
938 1388 1036 1460 dedit
1049 1392 1104 1460 ¹...
1119 1417 1136 1456 o

356 1531 372 1570 a
395 1501 558 1594 Ejusdem
574 1508 613 1574 da
626 1508 807 1575 uentriculo
821 1519 850 1575 et
865 1488 1038 1589 intestinis,
1054 1510 1137 1592 etc,
1152 1503 1261 1575 senile
1277 1489 1374 1596 opus,

305 1619 384 1711 plus
412 1616 518 1689 habet
546 1618 735 1708 ratiocinii,
759 1625 937 1690 anatomes
968 1620 1096 1708 minus,
1122 1641 1234 1712 neque
1258 1625 1376 1689 tamen

306 1755 346 1818 eo
365 1732 480 1804 minus
495 1732 625 1805 eximia
638 1734 790 1826 plurima
802 1733 972 1822 continet,
989 1733 1226 1828 physiologica
1242 1739 1278 1804 et
1291 1753 1376 1804 ana-

255 1922 288 1942 g
307 1847 446 1919 tomica.
471 1847 583 1919 Fibra
605 1856 766 1918 naturam
791 1847 946 1919 omnium
968 1847 1101 1942 primus
1123 1847 1378 1940 contemplatus

258 1940 295 1999 ⁴(
307 1970 372 2034 est.
391 1961 444 2034 De
461 1960 701 2033 irritabilitate
715 1985 816 2033 nemo
831 1969 913 2033 ante
931 1961 1146 2034 Glissonium
1172 1961 1301 2034 rectius
1320 1983 1377 2032 co·

306 2075 448 2168 gitavit,
473 2097 578 2169 quam
604 2075 767 2170 equidem
790 2077 894 2169 paulo
919 2075 1098 2148 liberalius
1121 2076 1193 2148 fere
1216 2074 1377 2147 omnibus

239 2167 262 2246 'i
306 2188 459 2283 corporis
472 2189 617 2261 humani
631 2188 790 2284 partibus
804 2190 942 2280 tribuit,
961 2189 1066 2262 etiam
1087 2189 1218 2262 fluidis.
1242 2191 1377 2262 Motum

305 2301 417 2374 cordis
432 2301 565 2397 primus
580 2303 623 2374 ab
638 2301 835 2374 irritatione
857 2302 1034 2374 derivavit
1039 2326 1050 2392 3
1077 2303 1205 2396 gradus
1225 2303 1377 2375 irritabi-

303 2415 415 2488 litatis
431 2414 613 2507 definivit;
639 2415 785 2487 nimiam
810 2415 895 2488 fecit
920 2423 957 2488 et
981 2416 1087 2513 nimis
1108 2440 1266 2511 parvam,
1288 2441 1377 2513 aque

305 2553 409 2603 sensu
424 2529 600 2620 distinxit,
631 2529 745 2624 ipsum
769 2530 910 2603 demum
932 2553 1057 2603 nomen
1079 2533 1374 2626 excogitavit»...

306 2645 372 2717 Sed
388 2645 431 2716 da
445 2643 500 2717 his
514 2668 578 2738 ego
593 2669 675 2716 mox
688 2647 801 2739 plura.

354 2788 371 2827 <r
394 2759 435 2832 In
450 2759 538 2832 libro
567 2766 605 2832 de
628 2775 755 2832 natura
777 2767 969 2834 substantio
990 2768 1213 2852 eoerpenoa...
1238 2785 1377 2835 causam

307 2881 423 2949 motus
438 2875 476 2946 in
491 2875 565 2970 ipso
585 2898 726 2969 corpore
740 2877 900 2950 habitare
918 2876 1088 2968 defendit,
1105 2901 1174 2950 non
1190 2885 1231 2952 ut
1244 2878 1281 2951 in
1301 2879 1377 2950 ani·

307 2992 457 3065 malibus
469 2991 552 3064 solis
564 2992 743 3064 subsistat.
762 3020 779 3060 o

352 3107 473 3201 Neque
490 3108 596 3179 semel
608 3107 731 3180 Haller
744 3107 788 3179 de
806 3108 980 3182 Glissonio
1000 3110 1152 3183 libenter
1170 3118 1206 3184 et
1227 3113 1378 3205 benigne

307 3223 445 3294 locutus
455 3229 509 3294 est
521 3247 529 3292 :
541 3221 579 3292 in
589 3220 652 3294 sud
662 3245 786 3315 nempe
797 3227 996 3294 Bibliotheca
1017 3230 1185 3296 medicina
1194 3227 1377 3315 prnottcoe²

308 3337 351 3408 de
368 3336 430 3408 illo
452 3334 548 3406 illius
571 3359 639 3428 que
662 3335 802 3429 scriptis
827 3337 954 3408 iterum
974 3337 1060 3431 agit.
1089 3367 1107 3407 o
1124 3340 1201 3429 Vir,
1218 3340 1280 3427 ait,
1297 3363 1378 3434 pro·

243 3428 271 3636 V
306 3449 415 3521 funde
426 3471 483 3530 res
497 3449 764 3544 contemplatus,
781 3473 893 3545 neque
907 3451 1055 3524 aliorum
1070 3452 1202 3525 dictata
1216 3476 1375 3547 sequena,
1445 3507 1451 3532 f

253 3450 275 3674 s
307 3585 385 3634 cum
402 3562 629 3635 adnotatione
643 3569 778 3634 natura
791 3564 1015 3636 ratiocinium
1030 3564 1227 3656 conjunxit,
1250 3594 1267 3632 o
1291 3565 1378 3639 Inde

306 3677 445 3770 singula
459 3677 556 3750 illius
571 3679 701 3792 scripta
714 3667 976 3772 recognoscens,
991 3703 1012 3751 a
1027 3686 1182 3754 tractatu
1203 3687 1241 3752 de
1257 3687 1376 3753 Boebi-

306 3797 383 3881 n'de,
399 3815 461 3885 pro
479 3792 616 3865 ratione
629 3800 824 3888 temporum
840 3794 976 3888 incipit,
1001 3817 1104 3889 quem
1123 3794 1160 3867 in
1180 3800 1377 3867 Bibliotheca

340 4030 348 4064 Ι
366 4030 453 4080 Tolum
466 4028 488 4078 id
499 4030 694 4080 commentarium
705 4031 744 4082 bie
755 4031 893 4084 exscribere
903 4047 1107 4098 supervacaneum
1124 4034 1200 4085 visum
1209 4041 1258 4085 est.

339 4111 351 4146 ²
368 4109 524 4162 Bibliotheca
543 4112 679 4162 medicina
698 4115 815 4178 prateae,
831 4129 883 4178 quc
897 4118 991 4180 scripta
1004 4117 1145 4182 adportem
1155 4116 1288 4167 medicine
1298 4128 1378 4180 prec-

309 4193 387 4242 ticcm
399 4189 521 4254 facientia
531 4205 547 4239 o
557 4203 643 4240 rerum
659 4192 747 4242 initiis
763 4205 937 4256 recensentur,
950 4206 966 4244 t.
983 4196 1025 4260 ΙΙΙ,
1044 4195 1074 4247 ab
1090 4211 1153 4247 anno
1169 4195 1237 4258 tola,
1248 4196 1278 4246 ed
1289 4207 1378 4244 annom

312 4273 380 4323 1685.
391 4297 421 4308 -
434 4269 518 4320 Barna
529 4276 554 4319 et
563 4268 657 4337 basila,
669 4285 817 4328 uncorum-
