3196 5228
645 608 804 672 ..39-

189 765 319 838 nesque
343 740 497 834 ejusdem
529 739 676 832 singulae
708 743 967 832 percenseatur,
1001 759 1045 808 ne
1073 737 1152 831 quis
1180 760 1257 810 eam

191 865 291 954 putet
312 885 328 922 n
346 857 432 927 fines
445 860 571 926 creatae
586 877 645 925 seu
660 853 771 924 finitae
787 851 1010 945 perfectionis
1029 852 1218 924 transilire.
1237 880 1254 918 a

188 1013 230 1026 .-
246 971 387 1041 «Primo
397 969 571 1062 perceptio
582 966 752 1037 naturalis
763 965 939 1057 integrum
953 964 1127 1057 objectum
1140 989 1254 1056 suum,

190 1093 225 1158 et
244 1083 415 1178 quidquid
431 1081 467 1152 in
483 1103 523 1153 eo
540 1081 750 1168 continetur,
767 1086 803 1150 et
820 1102 887 1173 quo
914 1081 1035 1151 ordine
1057 1079 1197 1174 singula
1220 1104 1257 1154 se

185 1197 397 1292 respiciunt,
428 1194 599 1289 perfecte,
632 1193 697 1265 hoo
727 1200 780 1264 est
806 1195 935 1287 absque
965 1192 1164 1286 ignorantia
1191 1201 1253 1266 aut

187 1334 301 1383 errore
315 1310 429 1382 noscit
446 1313 471 1379 ¹.
488 1349 530 1360 --
548 1305 705 1379 Secundo
719 1328 840 1378 causas
852 1329 889 1378 se
902 1305 1139 1380 afficientesin
1156 1307 1258 1382 effee-

187 1425 245 1505 tis,
271 1423 426 1519 quandiu
442 1422 480 1492 in
502 1445 539 1494 se
552 1420 738 1509 inhaerent,
757 1421 927 1492 intuetur.
945 1461 987 1476 -
1002 1422 1119 1494 Tertio
1137 1447 1258 1496 omnes

185 1561 266 1609 suas
279 1537 522 1630 dispositiones
545 1559 605 1608 seu
627 1534 842 1626 aptitudines
857 1537 902 1606 ad
917 1535 1076 1622 formam,
1093 1537 1258 1632 adquam

185 1677 205 1724 a
222 1658 411 1746 generante
435 1658 498 1722 aut
515 1651 601 1720 alias
620 1649 781 1722 ordinata
804 1656 870 1738 est,
897 1657 1058 1727 accurate
1083 1650 1255 1745 pereipit3

185 1766 365 1861 ipsiusque
380 1767 470 1836 ideae
485 1763 607 1836 formae
622 1763 764 1853 futurae,
780 1763 1003 1858 methodique
1029 1787 1097 1858 qua
1111 1766 1258 1836 materia

187 1883 229 1952 cd
254 1881 472 1974 operationes
502 1877 576 1970 ejus
606 1885 766 1950 accurate
792 1879 1081 1968 accommodetur,
1098 1887 1257 1964 exactam

185 1995 346 2066 notitiam
374 1993 492 2067 habet.
528 1992 659 2086 Estque
699 1991 846 2062 materia
870 1991 977 2064 foetus
1007 1991 1056 2064 sic
1088 1991 1256 2086 disposita

186 2110 360 2182 sufficiens
373 2109 567 2202 subjectum
589 2108 748 2181 naturale
763 2107 907 2180 virtutis
923 2108 1081 2201 plasticae
1105 2131 1114 2181 :
1142 2132 1256 2204 neque

178 2247 325 2296 necesse
340 2230 393 2296 est
408 2230 449 2294 ut
466 2223 580 2314 (juxta
603 2221 814 2294 sententiam
830 2220 1007 2314 Bassonis)
1022 2223 1067 2294 ad
1085 2225 1194 2296 catuli
1219 2223 1257 2296 in

183 2345 283 2410 utero
298 2345 361 2410 eut
373 2338 461 2432 pulli
471 2338 508 2410 in
524 2360 602 2426 ovo,
614 2337 870 2428 formationem,
880 2336 924 2408 ad
940 2337 1257 2412 extraordinarium

185 2452 251 2526 Dei
267 2475 486 2542 concursum,
502 2475 564 2524 seu
578 2452 621 2525 sd
635 2450 817 2539 miracula,
831 2449 1074 2543 confugiamus
1087 2455 1114 2522 ².
1134 2477 1152 2520 a

227 2565 296 2639 Sed
316 2589 386 2638 non
402 2567 479 2638 ideo
504 2567 769 2638 declamandum
791 2572 845 2664 est
865 2565 999 2638 «hasce
1013 2566 1165 2640 virtutes
1183 2590 1258 2640 esse

184 2678 372 2754 nobiliores
393 2680 469 2772 ipsa
494 2679 630 2751 ratione
658 2679 786 2749 animae
805 2677 999 2768 rationalis,
1018 2687 1054 2751 et
1074 2689 1258 2774 propterea

185 2793 368 2866 materiam
385 2793 491 2864 foetus
506 2816 576 2864 non
592 2815 667 2866 esse
683 2799 783 2864 tanto
806 2792 936 2864 honore
956 2795 1110 2886 dignam.
1128 2823 1145 2859 ι)
1172 2793 1257 2886 Ejus

183 2907 277 2978 enim
301 2907 580 3002 imperfectiones
602 2908 659 2976 hee
679 2911 773 2978 sunt.
791 2947 834 2960 -
858 2907 973 2978 Primo
998 2909 1073 2980 loco
1096 2911 1257 3002 ponenda

186 3051 202 3085 «
225 3009 387 3114 augustia
409 3019 536 3112 objecti
557 3021 643 3113 ejus,
663 3048 680 3088 n
705 3043 774 3114 qua
792 3049 809 3088 e
829 3022 1076 3115 aperfectione
1092 3046 1256 3098 sensuum

184 3135 373 3230 plurimum
385 3134 514 3208 deficit.
532 3164 548 3202 n
572 3165 589 3202 «
607 3135 821 3207 Extenditur
833 3136 940 3227 enim,
954 3137 1098 3229 directe,
1115 3145 1256 3212 tantum

184 3252 228 3321 od
250 3248 446 3342 subjectum
456 3250 651 3345 percipiens
663 3251 689 3322 ³.
708 3253 757 3322 At
771 3251 911 3343 oblique
931 3275 1028 3324 suam
1044 3249 1254 3344 objectivam

185 3366 356 3438 rationem
378 3365 549 3461 ampliat:
575 3373 612 3438 et
625 3389 695 3438 non
709 3372 848 3436 tentum
863 3367 908 3436 ad
922 3367 1148 3448 alterationes
1159 3369 1196 3450 in
1216 3393 1253 3444 se
1358 3403 1360 3408 ⁷

184 3485 294 3554 sectas
316 3502 505 3572 earumque
528 3501 662 3565 causas,
680 3479 740 3550 sed
763 3488 798 3550 et
821 3481 865 3550 ad
882 3479 1061 3552 effectusa
1081 3505 1118 3554 se
1131 3483 1252 3554 oriun-

185 3594 259 3686 dos,
274 3593 335 3688 qui
350 3592 388 3662 in
410 3613 528 3664 eorum
552 3591 676 3681 causis,
700 3613 825 3684 nempe
848 3591 885 3662 in
907 3613 943 3662 se
966 3593 1054 3686 ipsc,
1081 3595 1251 3685 relucent,

184 3708 380 3804 quibusque
413 3703 544 3780 reseras
571 3705 686 3776 ideam
722 3704 829 3777 foetus
866 3703 1055 3795 formandi,
1096 3710 1254 3781 extendi·

216 3891 224 3926 ¹
245 3891 329 3954 Longe
351 3889 422 3940 aliter
444 3887 530 3939 Leibn.
553 3889 631 3939 tertre
654 3886 671 3938 d
692 3886 818 3951 Arrunti,
835 3885 905 3938 1690.
924 3875 1020 3948 lirim,
1044 3901 1068 3952 p.
1090 3887 1144 3953 107,
1162 3890 1255 3943 coll:

185 3989 199 4020 u
214 3971 313 4036 chaque
324 3969 453 4022 substance
474 3967 583 4033 exprime
598 3968 779 4028 l’universtour
790 3967 909 4030 entier...,
919 3967 986 4018 selon
997 3982 1040 4020 son
1052 3968 1118 4033 point
1135 3971 1165 4020 ds
1175 3985 1231 4023 vae.
1243 3985 1258 4022 a

185 4079 216 4090 -
240 4049 379 4110 Moncdol,
401 4049 413 4112 ἓ
430 4049 479 4099 56:
502 4062 516 4098 c
529 4048 626 4112 chaque
646 4046 803 4098 substance...
822 4053 860 4098 est
879 4062 910 4098 un
930 4047 1014 4098 miroir
1030 4047 1113 4100 vivant
1133 4051 1256 4114 perpetual

185 4133 215 4182 de
226 4129 349 4180 l’nniverr.
362 4143 376 4180 n
392 4155 422 4166 ···
441 4121 539 4190 Theod,
550 4129 563 4192 ξ
575 4127 630 4180 360.

216 4217 229 4252 ²
245 4215 284 4267 Gi.
295 4214 381 4266 Leibn.
393 4215 500 4278 Theos„
511 4221 573 4280 part.
584 4229 624 4276 nr,
637 4215 712 4272 2397.

217 4293 229 4328 ³
245 4295 284 4346 cl.
303 4295 388 4346 Leito.
401 4293 556 4360 denudet!
571 4295 594 4348 l.
613 4295 685 4348 ebes
699 4295 813 4348 monades
826 4295 894 4346 u'enr
908 4285 974 4359 point
988 4295 1016 4346 de
1029 4295 1167 4347 lenense.»
