3156 5232
637 647 798 709 ...83-

183 771 334 866 partium
354 767 606 844 divaricatione
616 771 855 844 ramifioentur
870 780 905 846 et
915 772 1174 866 organizantur‚
1191 797 1255 846 neo

183 911 252 960 non
269 887 369 982 quasi
384 888 562 982 duplicata
576 888 664 974 vita,
682 887 793 959 altera
811 887 931 977 insit-a,
946 891 1057 960 altera
1071 888 1255 975 influente,

184 1005 401 1074 donentur...
417 1002 496 1074 Jam
507 1003 554 1073 sit
567 1001 716 1096 quilibet
728 999 850 1094 judex,
868 1025 913 1073 an
925 1002 1035 1074 satius
1051 1003 1110 1090 sit,
1128 1008 1164 1073 et
1176 1001 1255 1096 plus

184 1117 269 1190 artis
287 1118 426 1206 habeat,
451 1116 652 1187 interiorem
672 1118 812 1188 domum
829 1117 901 1188 solo
917 1116 1076 1211 squalido
1099 1139 1254 1208 accessu,

185 1240 248 1304 aut
275 1229 422 1325 ignobili
451 1229 586 1323 vilique
610 1252 791 1322 corporum
819 1230 1075 1302 occurrentium
1097 1237 1253 1325 aspectu,

185 1346 277 1418 velle
292 1367 461 1417 exornare
468 1366 478 1433 ;
507 1367 552 1414 an
568 1351 764 1437 comparato
792 1344 932 1416 decenti
955 1344 1091 1415 viarum
1108 1352 1145 1416 et
1159 1350 1255 1416 exte·
1286 1388 1289 1394 -

184 1459 287 1531 rioris
315 1481 407 1530 areae
433 1465 614 1552 apparatu,
643 1456 826 1530 interiores
861 1479 1015 1529 recessus
1043 1457 1256 1550 elegantiore

184 1559 331 1648 subinde
347 1580 473 1645 ornatu
496 1571 669 1666 gradatim
688 1573 924 1644 cohonestare.
954 1571 1056 1643 Hane
1084 1572 1254 1665 posterio-

183 1714 256 1762 rem
270 1689 365 1762 viam
381 1686 580 1760 Creatorem
596 1686 758 1759 Universi
780 1687 925 1780 elegisse
952 1694 1108 1781 apparet.
1125 1687 1255 1759 Primis

184 1803 331 1876 animae
354 1801 623 1897 generalissimis
640 1803 915 1875 substantiarum
939 1801 1150 1874 rudimentis
1171 1824 1255 1874 oon·

184 1940 306 2011 gruem
320 1925 355 1990 et
370 1917 667 2012 proportionatam
676 1925 837 1990 naturam
853 1916 1099 2011 energetioam,
1109 1915 1255 1988 vitalem

185 2032 325 2127 quippe,
339 2033 531 2126 assignavit
543 2055 558 2104 τ’
568 2040 604 2104 et
611 2030 839 2103 nihilominus
854 2037 1107 2126 superstructos
1120 2038 1257 2101 naturae

185 2148 313 2242 gradus
327 2148 396 2217 alia
411 2154 517 2240 atque
534 2147 603 2218 alia
626 2146 774 2219 subinde
796 2146 1025 2218 eminentiore
1044 2145 1256 2240 perfectione

186 2261 350 2334 distinxit
365 2268 401 2333 et
414 2261 605 2333 decoravit.
616 2261 672 2333 Sia
685 2261 777 2332 enim
788 2259 1015 2332 inexhaustos
1028 2281 1101 2330 suae
1115 2256 1256 2330 munifi·

185 2377 312 2449 oentiae
321 2377 502 2447 thesauros
513 2374 643 2468 optime
654 2374 922 2464 demonstravit,
932 2397 1010 2444 oum
1021 2371 1221 2467 incipiendo
1237 2395 1257 2442 a

171 2499 256 2563 ,tam
272 2490 382 2563 nobili
393 2496 530 2562 naturae
542 2489 628 2572 basi,
641 2490 757 2583 potuit
766 2489 1033 2581 tamenagradu
1042 2487 1087 2560 ad
1094 2486 1255 2582 gradum,

184 2626 311 2675 novam
323 2602 472 2675 subinde
487 2610 592 2697 atque
606 2602 767 2674 altiorem
783 2602 993 2694 dignitatem
1012 2600 1185 2692 addendo,
1208 2599 1256 2672 ad

182 2716 363 2811 fastigium
402 2723 513 2788 tantae
547 2715 749 2788 eminentiae
785 2738 870 2809 opus
906 2739 1007 2787 suum
1047 2715 1251 2788 evehere.»

184 2833 278 2914 XVI,
298 2835 332 2907 6.

229 2945 386 3020 Secundo
402 2947 497 3020 Deus
512 2972 583 3020 non
603 2952 715 3020 solum
738 2969 843 3019 eausa
861 2945 1014 3018 efficiens
1041 2953 1094 3018 est
1114 2968 1256 3016 suarum

185 3070 435 3150 ereaturarum,
465 3062 715 3134 verumetiam
747 3061 965 3154 llxemplaris
987 3059 1083 3130 :imo
1106 3057 1255 3131 fortasse

99 3204 100 3208 ¹
187 3178 298 3250 omnis
312 3199 417 3248 causa
437 3174 603 3266 efficiens,
626 3175 776 3269 eoquod
798 3173 965 3262 efficiens,
987 3196 1048 3244 suo
1077 3173 1178 3246 modo
1194 3196 1256 3245 ex·

190 3289 352 3384 emplaris
367 3295 432 3360 est.
447 3287 587 3360 Etenim
602 3287 773 3383 quidquid
787 3288 872 3380 agit,
888 3307 927 3358 eo
943 3285 1013 3358 fine
1025 3294 1066 3357 ut
1081 3287 1149 3360 sibi
1168 3288 1256 3359 assi·
1365 3283 1369 3295 ’

189 3405 289 3476 milet
298 3404 413 3498 agit...
428 3404 588 3475 Summus
604 3411 722 3502 autem
736 3402 831 3474 Deus
846 3425 915 3472 non
927 3403 1083 3473 luctatur
1096 3424 1174 3473 oum
1185 3401 1257 3474 suis

190 3519 370 3610 creaturis,
393 3519 453 3590 sed
476 3541 537 3612 pro
565 3517 721 3597 arbitrio,
751 3516 921 3611 quidquid
952 3515 1020 3587 sibi
1044 3514 1160 3587 visum
1189 3523 1255 3596 est,

190 3637 319 3730 absque
333 3632 533 3706 resistentia
547 3627 694 3725 perficit.
713 3630 858 3703 Interim
876 3653 994 3702 omnes
1007 3630 1096 3702 ideae
1115 3629 1256 3701 Divinae

190 3757 305 3844 partes
329 3769 374 3820 ex
404 3769 517 3840 aequo,
549 3746 670 3817 habita
698 3744 833 3816 ratione
866 3743 1015 3834 subjecti
1040 3741 1254 3837 recipientis,

190 3870 365 3936 creaturas
378 3861 497 3954 aliqua
510 3861 566 3932 sui
584 3866 668 3930 nota
687 3857 890 3931 affioinnt...
911 3856 1045 3930 Gradui
1057 3855 1180 3950 igitur,
1197 3879 1257 3928 seu

190 3974 354 4070 dignitati
370 3982 406 4046 et
419 3972 625 4068 perfectioni
635 3971 872 4045 subsistentiae
882 3969 1170 4057 fundamentalis,
1179 3990 1258 4062 quae

190 4091 386 4163 absolutam
405 4096 441 4160 et
457 4089 748 4183 independentem
765 4084 917 4156 Deitatis
931 4083 1154 4178 perseitatem
1171 4103 1256 4151 ana-

189 4203 549 4296 logioerepraesentat,
568 4225 630 4272 our
641 4223 710 4271 non
727 4200 855 4292 gradus
870 4198 964 4286 rivae
981 4205 1131 4285 naturae,
1149 4193 1258 4266 vitam

189 4309 255 4382 Dei
287 4309 591 4404 proportionaliter
615 4313 882 4402 repraesentans,
914 4305 1143 4377 associaretur
1154 4302 1214 4376 l...
1235 4330 1251 4368 »
