3196 5228
667 615 830 676 v··-3'l-

216 764 307 834 gana
336 747 456 813 actuat
475 740 537 812 ubi
562 741 660 812 nulla
686 748 781 812 sunt.
800 781 844 796 —
869 743 938 813 Sed
955 743 1112 836 potentia
1133 751 1227 834 sunt,
1249 755 1285 820 et

214 855 332 926 anima
355 854 392 926 in
407 877 527 927 eorum
540 849 747 927 formatione
769 862 962 928 exercetur.
984 897 1028 912 —
1050 858 1117 931 Sed
1139 859 1286 934 miretur

216 969 306 1064 quis,
322 970 353 1041 si
371 968 508 1058 format,
527 991 596 1063 qua
615 969 794 1040 occasione
813 991 933 1040 eorum
946 968 1031 1042 adeo
1051 970 1283 1062 obliviscitur,

213 1090 255 1154 ut
280 1106 324 1156 ne
344 1083 525 1155 minimam
548 1106 667 1155 eorum
689 1081 851 1154 notitiam
870 1082 1033 1156 retineat.
1056 1083 1167 1158 Bruta
1190 1088 1283 1160 enim

213 1199 397 1294 quomodo
421 1221 484 1270 sua
509 1220 639 1292 organa
662 1196 869 1280 formantur,
893 1206 956 1271 aut
974 1198 1117 1272 formari
1139 1202 1281 1294 debent,

211 1317 313 1409 plane
326 1314 530 1386 nesciunt...
554 1313 631 1384 Hoc
655 1313 740 1384 adeo
760 1312 863 1384 torsit
883 1313 1148 1388 subtilissimum
1172 1317 1282 1389 Scali-

178 1431 180 1436 '
210 1451 343 1522 gerum,
363 1435 404 1499 ut
426 1427 489 1498 vix
512 1427 579 1498 sibi
607 1427 816 1499 constiterit.
843 1453 860 1494 a
886 1426 1026 1499 Etenim
1047 1429 1144 1502 illius
1166 1431 1281 1504 locum

208 1542 375 1613 exscribit
390 1550 520 1632 noster,
538 1540 633 1613 unde
647 1540 871 1612 manifestum
886 1548 939 1612 est
955 1540 1055 1613 illum
1073 1571 1091 1609 c
1109 1543 1152 1617 de
1162 1546 1228 1618 hac
1242 1569 1280 1620 re

205 1657 379 1727 incertum
393 1654 502 1727 fuisse
515 1685 532 1720 a
546 1682 554 1741 ;
569 1652 793 1746 cujustamen
808 1655 876 1727 loci
890 1655 966 1727 haec
985 1679 1120 1729 summa
1134 1665 1188 1730 est
1203 1683 1211 1731 ε
1226 1684 1278 1732 sc·

204 1769 310 1840 minis
327 1770 474 1841 formam
492 1769 644 1840 animam
660 1791 746 1856 csse,
757 1768 1084 1841 cuietincrcmenta
1095 1778 1131 1842 et
1142 1772 1279 1844 amissae

203 1884 318 1956 carnis
329 1884 495 1979 repositio
510 1883 715 1956 ascribenda
727 1889 810 1954 sunt
818 1906 828 1971 ;
845 1884 965 1955 adesse
979 1883 1137 1977 igiturin
1147 1887 1278 1960 semine

203 1999 355 2072 animam
369 1998 617 2087 formatricem,
645 2021 724 2092 quae
749 1999 894 2068 alteram
922 1998 1100 2070 antecedit
1125 2000 1277 2072 animam

202 2115 304 2210 eique
326 2113 540 2186 domicilium
561 2119 663 2205 parat
677 2114 701 2182 ¹.
731 2111 846 2196 Quare
869 2113 1018 2204 priorem
1038 2112 1136 2184 illam
1160 2122 1276 2206 poste·

199 2231 290 2303 riore
314 2231 379 2301 hae
401 2225 644 2321 sapientiorem
672 2248 746 2297 esse
770 2249 810 2297 ac
834 2226 1083 2298 nobiliorem...
1109 2227 1276 2320 Oporterc

199 2343 294 2416 enim
309 2341 564 2443 fabricatricem
579 2340 675 2410 illam
692 2362 762 2410 non
775 2339 937 2432 ignorare
954 2340 1088 2434 quidet
1102 2349 1274 2434 quantum

199 2481 285 2552 opus
309 2453 437 2528 habeat
452 2457 515 2526 illa
530 2457 641 2527 altera
664 2456 876 2547 ingressura.
901 2454 992 2548 Ergo
1012 2456 1100 2527 scire
1120 2455 1204 2549 quid
1226 2456 1274 2528 sit

196 2573 288 2659 vita3
308 2579 429 2642 notam
449 2570 578 2642 habere
601 2569 713 2663 partis
734 2568 903 2663 cujusque
920 2576 956 2641 et
970 2567 1075 2641 finem
1102 2577 1139 2642 et
1155 2592 1270 2644 usum.

245 2689 298 2760 Ex
313 2687 379 2758 hac
399 2684 620 2758 formationis
640 2684 885 2776 explicatione,
913 2706 1054 2775 quum«
1079 2708 1159 2755 suas
1180 2686 1272 2756 veri-

194 2811 286 2876 tates
298 2801 473 2874 arroribus
489 2801 660 2894 implexas
676 2827 693 2863 a
711 2799 851 2884 habeat,
866 2819 908 2870 ea
919 2804 1060 2870 tantum
1073 2802 1272 2892 comprobat

194 2916 390 2990 Glissonius
407 2939 447 2987 ac
462 2914 529 2986 sibi
543 2914 694 2985 retinet:
715 2915 747 2983 1ο
763 2911 1004 2984 Architectum
1022 2913 1184 2985 animalis
1198 2937 1272 2986 csse

194 3030 438 3119 substantiam,
457 3027 668 3123 (quaeipsius
683 3026 858 3098 sententia
873 3027 956 3118 est);
977 3025 1013 3098 2⁰
1029 3027 1115 3099 Dari
1129 3051 1271 3123 percep·

194 3147 325 3217 tionem
358 3167 462 3216 sensu
489 3142 639 3236 priorem
664 3141 766 3234 (quod
784 3163 857 3212 suae
875 3141 1060 3212 sententiae
1081 3142 1269 3236 plurimum

198 3283 335 3357 quoque
348 3259 477 3351 favet);
495 3255 825 3358 eiqueperceptioni
840 3260 934 3327 recte
948 3255 1140 3328 cncomia'a
1156 3257 1269 3349 philo·

197 3377 314 3471 sophis
327 3383 463 3446 naturae
478 3373 629 3466 ascripta
644 3368 821 3442 tranferri.
843 3369 875 3440 3⁰
890 3369 1054 3441 Animam
1065 3371 1269 3444 sensitivam

196 3491 232 3562 in
249 3493 313 3562 hoc
328 3488 502 3561 domicilio
517 3511 538 3558 a
552 3493 679 3557 natura
695 3491 817 3577 parato
840 3481 1050 3555 inhabitare.
1073 3525 1115 3535 -
1140 3485 1267 3577 Perpe-

196 3629 271 3678 ram
297 3611 415 3677 autem
443 3603 596 3694 Scaliger
628 3631 645 3666 c
665 3599 752 3671 duas
781 3597 916 3669 animas
938 3599 983 3669 ad
1008 3599 1268 3691 generationem

196 3719 320 3812 exigit,
336 3719 485 3812 priorem
500 3714 544 3786 ad
558 3713 801 3786 formationem
828 3711 847 3781 f
851 3719 953 3801 oetus,
973 3713 1199 3805 posteriorem
1222 3717 1268 3785 ad

196 3833 486 3907 inhabitationem
500 3829 657 3902 materiae
671 3829 841 3900 fbrmatae.
856 3829 944 3900 Nam
962 3852 1028 3921 quo
1043 3831 1162 3901 evadit
1175 3831 1268 3923 prior

196 3949 336 4020 anima?
359 3955 421 4019 aut
435 3945 528 4018 unde
547 3945 647 4016 venit
659 3944 856 4036 posterior?
870 3942 1044 4014 Videntur
1065 3945 1136 4016 solo
1156 3947 1267 4036 gradu

196 4060 418 4157 perfectionis
433 4059 573 4130 differre
579 4080 591 4149 ;
613 4057 708 4152 prior
730 4055 976 4149 imperfectior,
999 4058 1168 4150 posterior
1187 4082 1265 4152 por.-

194 4176 317 4249 fectior
334 4183 398 4247 est.
421 4203 437 4241 »

228 4367 234 4400 ⁶
254 4366 292 4416 Cf.
305 4365 387 4416 Lcibu.
403 4364 511 4414 Consid.
525 4377 570 4413 sur
581 4361 602 4412 la
616 4363 699 4425 princ.
715 4362 745 4411 de
758 4359 806 4410 vic.
820 4359 889 4424 aru,
903 4375 926 4425 p.
940 4361 995 4422 429,
1010 4361 1064 4446 lbi.
