3196 5228
809 610 969 672 ..55-

354 765 481 837 genere
495 764 622 830 assero,
638 741 834 834 praecipuus
848 745 966 810 tamen
983 759 1105 831 scopus
1119 745 1172 808 est
1193 736 1308 809 hocin
1323 740 1426 809 rebus

354 857 594 930 materialibus
610 854 834 927 manifestare
851 860 886 925 et
899 855 1056 946 probare.
1072 851 1173 937 Quod
1198 873 1265 946 quo
1287 850 1427 923 facilius

353 972 416 1045 fiat
441 973 558 1044 visum
582 977 635 1043 est
659 970 763 1041 istam
784 966 1072 1061 disceptationem
1100 965 1143 1037 de
1165 965 1347 1060 principiis
1370 990 1426 1038 re-

353 1111 431 1162 rum
447 1083 693 1173 materialium,
705 1083 852 1156 materia
868 1090 904 1155 et
917 1081 1040 1169 forma,
1055 1079 1310 1176 praemittere...
1328 1079 1427 1154 lnsu-

353 1225 426 1300 per,
499 1223 578 1274 curn
601 1197 638 1270 in
662 1199 728 1272 hac
752 1195 998 1272 dissertatione
1017 1194 1217 1290 frequenter
1242 1203 1427 1267 occurrant

353 1315 494 1388 nomina
506 1311 677 1399 materiae,
695 1309 829 1400 formae,
845 1317 927 1399 eta,
945 1331 1024 1404 quae
1044 1330 1145 1382 voces
1164 1306 1318 1403 alioquin
1339 1306 1426 1379 mihi

355 1452 424 1501 non
440 1426 526 1500 satis
539 1427 740 1502 terminatae
752 1424 930 1514 videntur,
944 1431 1084 1495 coactus
1099 1446 1175 1495 sum
1190 1445 1291 1495 eas...
1312 1421 1349 1493 in
1365 1445 1427 1493 an-

353 1552 525 1616 tecessum
557 1541 786 1636 distinguere,
819 1537 1012 1612 describere
1043 1545 1079 1609 et
1114 1538 1157 1610 ab
1196 1535 1427 1630 ambiguitate

352 1659 513 1730 liberare.
531 1684 549 1723 a
567 1653 665 1744 XIII,
686 1655 718 1726 l.

402 1771 588 1855 «Natura,
604 1769 635 1840 si
649 1773 825 1862 spectetur
839 1769 877 1840 in
890 1767 1012 1842 ordine
1022 1768 1067 1839 ad
1077 1791 1152 1842 esse
1161 1769 1352 1864 proprium,
1368 1792 1428 1842 vo-

354 1893 455 1958 catur
478 1883 705 1955 subsistentia
720 1880 1017 1973 fundamentalis3
1034 1881 1088 1954 sin
1101 1884 1138 1955 in
1148 1884 1269 1957 ordine
1284 1885 1328 1956 ad
1343 1907 1426 1980 ope-

353 1999 520 2078 rationes,
553 2004 609 2069 est
644 2001 772 2069 natura
800 1995 1010 2090 energetica.
1038 2026 1054 2062 »
1084 2000 1133 2068 At
1163 2027 1180 2063 «
1215 1997 1426 2094 principium

355 2111 571 2186 subsistendi
585 2118 621 2183 et
634 2109 802 2204 operandi
814 2133 884 2182 non
897 2117 979 2183 sunt
997 2111 1066 2183 duo
1080 2112 1253 2206 principia
1267 2135 1311 2186 ex
1326 2121 1426 2207 parte

354 2225 407 2300 rei
422 2226 602 2315 distincta,
630 2226 692 2296 sed
712 2227 805 2297 idem
820 2225 968 2298 diversis
984 2224 1095 2297 modis
1119 2225 1390 2300 consideratum.
1407 2257 1424 2294 »

354 2341 445 2412 Item
460 2326 587 2412 natura
601 2363 765 2435 corporea
784 2345 875 2424 (narn
900 2347 1027 2412 natura
1046 2339 1286 2413 substantialis
1310 2347 1427 2412 creata

355 2454 394 2526 in
403 2454 682 2545 immaterialem,
698 2477 777 2549 quae
787 2455 973 2548 spirituum
984 2461 1049 2536 est,
1062 2463 1098 2526 et
1107 2455 1335 2544 materialem,
1349 2478 1429 2551 quae

357 2592 551 2664 corporum,
575 2569 758 2661 dividitur)
777 2571 835 2642 vel
854 2570 1025 2664 completa
1046 2570 1199 2642 sumitur
1213 2571 1271 2644 vel
1295 2569 1430 2644 incom-

356 2685 464 2780 pleta.
482 2681 663 2779 Completa
686 2693 813 2756 natura
827 2683 979 2778 corporis
997 2683 1217 2780 «composita
1240 2692 1294 2757 est
1316 2709 1362 2758 ex
1386 2709 1428 2760 ea

356 2797 515 2872 materiae
534 2805 572 2871 et
594 2822 637 2871 ea
648 2797 783 2870 formae.
802 2827 819 2863 »
838 2827 855 2863 «
875 2799 1010 2872 Natura
1033 2822 1115 2870 vero
1135 2798 1306 2890 materiae,
1334 2807 1430 2874 utet

355 2914 489 2994 tonnae,
503 2915 645 2986 seorsim
661 2923 823 3008 sumptae,
838 2915 983 2986 alteram
993 2920 1133 2986 tantum
1145 2921 1279 3007 partem
1291 2922 1430 2987 nutrires

357 3028 510 3122 corporis
541 3027 795 3122 complectitur,
831 3034 867 3099 et
891 3035 1145 3120 consequenter
1177 3029 1348 3102 alterutra
1376 3037 1430 3102 est

356 3143 580 3235 incompleta.
610 3171 627 3208 a
661 3141 722 3231 VI,
754 3145 786 3230 l,
818 3142 852 3214 2.
889 3141 1020 3213 «Hinc
1047 3142 1210 3236 colligere
1246 3167 1430 3240 possumus

356 3255 546 3349 genuinam
567 3255 799 3330 differentiam
823 3256 918 3328 inter
932 3279 1056 3350 corpus
1069 3257 1251 3352 physicum
1266 3266 1302 3331 et
1317 3269 1430 3332 mnte-

356 3371 459 3444 riam.
475 3369 563 3444 Haec
576 3369 787 3463 incompleta
803 3376 868 3457 est,
883 3369 972 3441 illud
992 3371 1216 3466 completum.
1237 3401 1254 3438 a
1274 3373 1336 3462 VI,
1352 3373 1384 3464 3,
1404 3379 1429 3447 ¹.

356 3524 402 3538 -
421 3483 478 3554 Ad
501 3491 645 3556 naturas
671 3483 910 3576 incompletos,
936 3485 1119 3556 materiam
1143 3484 1277 3559 scilicet
1300 3495 1336 3560 et
1359 3487 1431 3560 for·

357 3620 462 3686 mam,
478 3595 716 3691 respiciamus.

402 3713 553 3785 Materia
564 3718 689 3804 incepto
706 3727 871 3804 concepto,
888 3735 1012 3806 nempe
1039 3737 1118 3808 quae
1131 3721 1242 3788 totam
1256 3717 1430 3792 rationem

357 3825 515 3898 materiae
539 3827 618 3922 (qua
640 3826 870 3922 incompletael
888 3850 958 3899 uno
980 3836 1149 3924 conceptu
1173 3829 1428 3924 complectitur,

362 3966 379 4006 o
394 3940 516 4011 eadem
530 3948 584 4010 est
593 3962 697 4034 quam
712 3941 835 4012 dicunt
844 3963 963 4013 omnes
976 3940 1107 4014 formas
1118 3966 1305 4038 omnesque
1320 3954 1433 4018 muta-

357 4051 483 4140 tiones,
499 4052 617 4124 Protei
629 4053 752 4142 instar,
764 4055 893 4126 subire.
910 4082 926 4121 a
943 4054 1021 4145 VII,
1035 4053 1069 4127 ἓ.
1083 4096 1126 4110 -
1145 4057 1262 4130 «Haec
1274 4060 1429 4152 acceptio

389 4224 397 4258 ¹
418 4223 502 4276 Leibn.
521 4226 561 4276 Aa
574 4225 752 4289 Biorls‘npium,
765 4225 807 4278 lll.
824 4225 919 4298 Erdm,
935 4241 958 4291 p.
976 4227 1053 4280 678...
1075 4228 1171 4293 ulluda
1183 4231 1282 4281 materia
1295 4243 1360 4283 mere
1373 4245 1432 4296 pns-

357 4307 408 4358 slva
422 4313 469 4358 est.
484 4308 578 4373 Corpus
591 4313 672 4360 autern
685 4313 773 4374 praeter
785 4307 911 4358 materiam
923 4308 995 4358 etism
1011 4307 1081 4360 habel
1095 4309 1142 4360 rim
1153 4311 1264 4362 activum.
1284 4327 1297 4362 a
