3196 5228
186 791 259 854 tam
287 781 467 871 involvit3
498 803 577 875 quae
605 779 815 874 principium
846 779 1012 872 operandi
1046 778 1251 874 simpliciter

186 899 336 993 primum
357 899 527 990 (respectu
542 918 723 968 causarum
735 893 975 988 secundarum)
992 901 1045 968 ast
1059 897 1086 967 ¹.
1108 896 1250 969 «Primo

187 1013 306 1105 itaque
320 1010 480 1104 percipit,
497 1009 608 1104 primo
630 1007 775 1102 appetit,
794 1007 904 1100 primo
919 1015 1058 1098 movet3
1072 1007 1141 1080 viz.
1164 1032 1249 1103 qua·

185 1133 289 1197 tenus
302 1145 364 1217 per
386 1147 423 1195 se
437 1123 608 1196 subsistit.
621 1125 762 1218 Absque
778 1121 832 1194 his
850 1122 907 1194 dio
927 1124 1097 1216 quomodo
1114 1123 1250 1216 operari

139 1291 144 1302 .
185 1246 311 1334 potest.
331 1239 453 1313 Omnis
469 1239 623 1333 operatio
642 1244 695 1311 est
708 1239 765 1310 vel
778 1237 967 1332 perceptio,
985 1239 1042 1310 vel
1059 1236 1248 1332 appetitus

186 1356 242 1427 vel
272 1361 444 1428 motus.»
475 1355 543 1446 (Ad
570 1355 745 1442 lectorem,
777 1361 795 1440 §
823 1353 891 1442 17.)
924 1381 940 1418 α
968 1353 1117 1426 Demum
1155 1351 1250 1426 naoti

185 1492 303 1542 sumus
333 1468 443 1541 vitam
473 1468 629 1540 materiae
661 1491 723 1560 per
757 1489 793 1539 so
828 1467 1061 1555 subsistentis,
1084 1467 1247 1542 idoneum

185 1585 270 1654 vitae
289 1582 416 1655 animae
440 1583 632 1655 materialis
653 1585 883 1655 substramen.
901 1610 919 1646 »

228 1698 306 1769 Nou
320 1696 398 1768 ideo
413 1703 531 1769 tamen
547 1696 681 1768 ‘desinit
695 1702 816 1768 noster
828 1693 872 1768 de
886 1694 951 1768 hac
965 1702 1006 1766 ut
1027 1695 1069 1768 de
1086 1697 1173 1770 reali
1191 1717 1249 1768 en·
1313 1765 1315 1770 .

185 1812 288 1883 titate
302 1811 396 1906 loqui
399 1857 411 1900 ,-
426 1813 502 1884 sive
518 1813 693 1883 communi
708 1811 865 1905 opinioni
882 1811 1101 1905 sermonique
1111 1811 1250 1884 obviam

187 1926 237 1998 ire
255 1925 318 1998 vix
339 1925 479 2012 audeat,
499 1949 560 1997 seu
580 1927 710 2018 potius,
735 1925 910 2018 explicata
923 1948 973 2016 ro,
989 1924 1033 1998 de
1052 1925 1251 1998 nominibus

185 2061 306 2132 parum
321 2040 482 2111 laboret..
502 2038 669 2125 Quamvis
681 2039 790 2130 igitur
809 2062 901 2110 nova
922 2062 959 2112 se
977 2038 1101 2112 afferre
1114 2062 1183 2112 non
1198 2039 1250 2110 fa·

185 2161 280 2226 tetur
305 2154 406 2225 modo
427 2155 488 2225 sed
509 2161 628 2248 aperte
653 2154 807 2225 declarat
825 2156 853 2243 ²,
877 2153 1105 2226 nihilominus
1124 2153 1252 2226 animae
1287 2241 1289 2244 ι

186 2268 360 2340 materiali
378 2269 470 2361 (quae
495 2275 613 2339 tamen
628 2272 700 2359 jam
724 2268 821 2338 nulla
838 2274 903 2358 est,
927 2290 992 2340 neo
1010 2267 1103 2338 vivit
1119 2289 1180 2362 per
1201 2291 1251 2359 se,

184 2403 248 2454 neo
269 2382 439 2472 subsistit)
456 2403 536 2454 suas
552 2388 680 2474 partae,
702 2389 738 2452 et
750 2404 895 2474 magnas
909 2379 1061 2475 quidem,
1077 2382 1184 2455 verbo
1199 2388 1252 2452 te·

186 2520 251 2569 nus
263 2496 402 2568 tribuit.
422 2521 440 2564 o
457 2496 545 2568 Haeo
556 2500 629 2588 jam
639 2497 736 2568 illam
751 2497 945 2588 (materiam
961 2495 1094 2568 seilicet
1108 2495 1251 2591 ejusque

184 2610 294 2682 vitam
309 2611 526 2703 primaevam)
534 2616 669 2704 pergat,
686 2617 724 2681 ut
736 2611 837 2694 solet,
848 2609 1059 2700 modificare,
1071 2610 1248 2704 perficere,

186 2727 353 2799 exaltare.
396 2725 489 2812 Quid
518 2726 625 2798 enim
644 2723 718 2818 jam
756 2725 944 2819 prohibet?
981 2726 1182 2798 Exsuscitet
1211 2727 1249 2798 iu
1339 2773 1343 2779 -

185 2842 304 2912 eadem
331 2841 402 2911 vim
430 2841 624 2934 plasticam,
651 2864 731 2935 quae
758 2841 939 2912 materiam
958 2840 996 2914 in
1020 2844 1171 2935 plantas,
1188 2849 1250 2915 aut

183 2956 287 3026 bruta
316 2955 493 3046 animatia,
517 2955 622 3047 juxta
648 2955 799 3048 praevias
825 2955 981 3048 ejusdem
1008 2956 1251 3051 dispositiones

183 3068 321 3141 formet.
348 3068 415 3141 Sed
436 3069 535 3151 sciat,
556 3071 737 3142 materiam
753 3068 897 3165 ejusque
911 3072 1022 3144 vitam
1046 3072 1251 3167 primaevam

183 3206 219 3256 se
229 3191 265 3256 et
276 3205 373 3256 suam
383 3183 505 3274 vitam,
513 3191 681 3279 tanquam
689 3187 897 3258 modossuos
910 3185 1105 3272 suffulcirm
1120 3189 1251 3282 absque

184 3297 281 3390 eujus
298 3297 519 3388 sustuloione,
546 3298 579 3371 ei
608 3321 674 3372 neo
699 3299 820 3372 vivere
845 3323 909 3373 neo
933 3323 1007 3374 esse
1032 3303 1247 3397 competit.»

185 3415 213 3502 (i
231 3410 297 3502 18.)

227 3526 310 3632 Neo,
335 3525 484 3599 formata
506 3529 628 3622 planta
650 3535 712 3601 aut
729 3531 890 3622 animali,
910 3533 1089 3606 evanescit
1102 3534 1180 3607 haee
1194 3534 1250 3608 vis

182 3640 328 3733 plastica
353 3647 453 3714 aute
476 3664 616 3737 corpore
639 3643 833 3738 egreditur3
858 3645 930 3737 sed,
949 3676 966 3714 (ι
985 3649 1134 3722 durante
1157 3672 1249 3723 nova

182 3754 275 3843 vita,
303 3754 401 3848 eujus
429 3755 546 3828 anima
579 3759 769 3831 materialis
796 3760 903 3833 limen
927 3769 964 3834 et
987 3762 1157 3838 terminus
1181 3771 1271 3855 est,¹

181 3875 311 3960 manet,
334 3876 370 3944 et
385 3872 537 3944 naturali
560 3870 646 3944 vitae
668 3873 820 3968 partium
843 3882 920 3948 tum
945 3877 1150 3952 similarium
1173 3886 1250 3951 tum

214 4054 222 4088 ¹
241 4053 280 4104 Gt.
293 4053 378 4104 Leibu.
390 4055 426 4104 De
436 4055 530 4119 prima
541 4055 712 4121 philosophia
724 4057 910 4110 emendatione.
922 4058 1019 4125 Erum,
1032 4074 1057 4123 p.
1072 4060 1126 4112 122.
1141 4076 1156 4112 u
1170 4061 1251 4114 Dicam

182 4133 303 4185 notionem
315 4133 402 4186 virium
413 4147 456 4186 seu
469 4135 573 4198 virtutis,
585 4149 656 4201 quom
668 4136 782 4188 Germani
795 4139 979 4202 rotantKrost,
994 4127 1057 4190 (utu
1070 4141 1097 4192 to
1108 4143 1183 4205 sorra,
1193 4141 1249 4205 ptu-

183 4214 268 4264 rimum
280 4213 340 4266 lueis
354 4213 444 4267 afferre
456 4215 486 4266 ad
500 4230 583 4267 veram
597 4217 720 4268 notionem
731 4217 872 4270 substantiae
884 4218 1075 4282 intelligendam.
1088 4237 1102 4272 u

213 4293 226 4328 ²
242 4294 303 4345 Nam
313 4307 328 4344 u
340 4308 368 4345 ea
384 4297 434 4359 ipsa
452 4309 507 4360 quae
518 4295 581 4347 beno
592 4304 686 4348 vetusta
699 4304 756 4349 suut
767 4297 825 4350 otim
836 4312 899 4350 nora
911 4299 1039 4352 fuorunt...
1057 4301 1118 4360 imo,
1132 4316 1247 4368 quorsum

183 4388 242 4440 opus
252 4381 289 4426 eat
299 4388 361 4427 noro
375 4374 445 4436 libro,
458 4376 478 4426 si
491 4375 549 4427 nihil
563 4378 661 4448 adferas
673 4378 738 4443 quod
750 4380 940 4432 uousitdiotum
952 4380 1061 4445 ptiust»
1072 4383 1131 4439 220.
