3156 5232
343 797 424 874 ergo
440 785 493 850 est
506 766 662 848 infinitas
675 780 814 851 tautum
826 777 1041 870 potentialis,
1054 803 1071 844 s
1090 781 1127 848 et
1138 764 1290 861 infinita,
1304 789 1413 868 quam

341 900 517 992 quaerunt,
529 889 669 979 divisio,
688 919 705 956 «
722 894 917 971 successiva
931 899 1071 964 tantum
1086 899 1153 978 est,
1168 917 1185 956 u
1205 912 1315 982 eaque
1330 910 1412 982 quae

343 1041 359 1078 ι(
376 1030 554 1103 nunquam
575 1009 631 1096 (ne
649 1005 787 1077 infinita
811 1006 951 1102 quidem
968 1008 1152 1101 potestate)
1176 1012 1257 1076 actu
1271 1003 1410 1096 peragi-

341 1133 399 1196 tur
410 1126 435 1194 ¹.
453 1151 469 1188 »
486 1121 580 1191 Deus
594 1117 687 1191 euim
708 1121 824 1190 omnia
846 1127 960 1214 potest
981 1141 1060 1213 quae
1076 1119 1191 1212 potest
1209 1117 1323 1203 vellc3
1342 1138 1411 1186 nou

344 1244 587 1331 potestantem
603 1256 644 1305 ea
659 1233 750 1305 velle
764 1256 844 1327 quae
860 1233 1171 1306 contradictionem
1184 1231 1371 1302 involvant
1382 1230 1410 1298 ².

341 1353 376 1424 Si
395 1373 476 1444 ergo
495 1347 805 1422 contradictionem
820 1348 988 1442 implicet,
1009 1345 1185 1420 infinitam
1201 1343 1413 1424 divisionem

340 1467 414 1540 sive
429 1463 534 1536 simul
552 1463 627 1536 sive
644 1462 837 1534 successive
862 1461 1009 1551 actuari,
1027 1460 1104 1533 haee
1118 1460 1209 1531 actio
1231 1480 1300 1529 non
1317 1456 1414 1528 cadit

340 1581 403 1652 sub
430 1575 564 1669 objecto
588 1575 721 1648 divinae
743 1575 979 1651 voluntatis...
1007 1573 1193 1646 Enimvero
1218 1579 1301 1643 ut...
1317 1569 1413 1663 quod

341 1701 442 1768 curet¹
458 1691 528 1763 fiuc
548 1689 594 1762 ad
616 1690 721 1762 finem
743 1690 967 1783 perducatur,
993 1711 1188 1783 repugnare
1215 1687 1368 1758 videtur.
1391 1711 1407 1748 s

340 1805 547 1899 Quanquam
561 1803 672 1896 igitur
687 1802 844 1874 infinitas
856 1803 918 1874 illa
932 1801 1135 1897 potentialis
1151 1809 1187 1872 et
1199 1799 1409 1886 successiva,

342 1942 523 1992 numerum
534 1939 775 2012 quemcunque
786 1917 907 1990 datum
919 1915 1021 1988 facile
1032 1919 1184 2008 superet,
1200 1943 1217 1980 «
1229 1935 1409 2007 nunquam

340 2046 458 2108 tumen
472 2035 515 2106 ad
528 2036 701 2107 actualem
711 2033 922 2106 infinitatem
933 2032 1096 2126 assurgit.
1109 2061 1125 2097 »
1144 2059 1161 2097 a
1174 2031 1244 2102 Nee
1254 2027 1412 2124 putanda

341 2159 394 2222 est
403 2152 478 2222 haee
487 2149 645 2244 potentia
653 2148 865 2235 frustrauea,
876 2171 955 2221 cum
966 2171 1009 2220 ex
1021 2155 1119 2240 parte
1128 2147 1252 2218 saltem
1260 2152 1296 2216 et
1303 2166 1412 2238 quau·

340 2277 417 2336 tum
437 2287 553 2336 rerum
569 2269 695 2335 natura
708 2263 876 2356 postulat,
893 2267 1066 2333 actuetur.
1084 2259 1214 2333 Oculus
1231 2258 1322 2333 euim
1341 2281 1411 2328 nou

341 2386 507 2474 perpetuo
523 2377 634 2460 videt,
650 2398 714 2448 neo
735 2376 852 2448 omnia
871 2397 952 2469 quae
971 2397 1112 2446 cernere
1130 2381 1245 2466 potest
1258 2395 1412 2465 unquam

342 2500 423 2566 actu
453 2491 551 2562 videt
574 2516 583 2560 z
605 2513 676 2562 non
703 2496 821 2561 tamen
852 2489 982 2560 frustra
1009 2494 1075 2574 est,
1102 2505 1182 2558 cum
1208 2493 1414 2558 exerceatur

342 2605 476 2700 quoties
490 2627 575 2698 opus
590 2604 649 2676 sit.
667 2586 804 2674 Pariter
819 2603 977 2695 potentia
1002 2601 1147 2672 dividua
1162 2623 1230 2670 uou
1248 2607 1302 2671 est
1317 2598 1411 2670 frus·

341 2731 408 2808 tro,
436 2740 515 2791 cum
536 2725 740 2790 exerceatur
765 2738 945 2810 quousque
970 2721 1107 2786 naturae
1132 2714 1227 2806 leges
1248 2713 1408 2806 exigunt.

344 2834 437 2904 Hinc
451 2832 545 2904 enim
561 2830 673 2902 dividi
686 2838 802 2924 potest
818 2853 942 2925 corpus
954 2830 992 2900 iu
1008 2828 1165 2922 quolibet
1186 2835 1315 2920 puncto
1325 2826 1416 2898 assi·

342 2947 475 3040 guabili
484 2968 496 3036 ;
509 3025 511 3032 ¹
523 2946 614 3040 quod
637 2969 708 3018 uon
730 2945 830 3016 ficret
848 2945 878 3016 si
894 2968 938 3016 ex
952 2943 1078 3015 atomis
1102 2949 1290 3031 constaret,
1306 2950 1370 3014 aut
1384 2941 1416 3014 si

343 3063 407 3132 hoo
425 3059 527 3131 modo
550 3057 688 3130 infinite
710 3059 896 3132 dividuum
915 3080 985 3129 nou
1005 3055 1108 3129 foret.
1125 3057 1300 3130 Numerus
1322 3059 1415 3128 onim

342 3175 455 3267 impar
470 3173 507 3244 in
526 3172 612 3244 duas
631 3171 837 3244 medietates
859 3170 971 3242 dividi
996 3170 1131 3262 nequit,
1147 3192 1211 3242 neo
1230 3191 1293 3264 par
1306 3169 1343 3241 iu
1359 3177 1415 3242 tot

343 3296 460 3382 partes
481 3287 655 3380 aliquotas
676 3294 762 3382 quot
781 3287 958 3378 assignare
981 3284 1165 3378 placuerit.
1181 3283 1218 3356 Si
1231 3285 1325 3357 euim
1341 3308 1415 3357 cor·

344 3427 409 3498 pus
423 3427 468 3476 ex
485 3425 628 3476 numero
652 3410 846 3474 atomorum
872 3401 1013 3473 denario
1031 3408 1217 3489 constaret,
1234 3401 1272 3472 id
1288 3401 1325 3472 in
1342 3409 1415 3474 tres

344 3528 460 3613 partes
487 3521 641 3612 aequales
669 3517 826 3588 dividere
848 3538 918 3588 uon
939 3521 1118 3608 poteras...
1149 3515 1309 3610 Denique
1333 3517 1416 3588 hinc

345 3656 487 3725 corpora
510 3632 684 3703 unitatem
713 3632 900 3724 quamdam
921 3629 988 3700 sibi
1011 3629 1221 3716 adsciscunt,
1249 3629 1415 3702 nimirum

346 3770 415 3842 qua
434 3770 505 3817 uua
520 3768 638 3819 eorum
657 3767 737 3838 pars
752 3744 854 3817 alteri
867 3743 1004 3836 totique
1026 3743 1312 3814 communicatur.
1330 3744 1417 3816 Uni-

346 3869 400 3932 tas
424 3859 516 3930 euim
541 3857 694 3951 partium
717 3857 840 3942 totius,
856 3854 1070 3926 continuitas
1084 3862 1153 3944 est3
1178 3878 1269 3948 quae,
1286 3864 1326 3926 ut
1338 3880 1416 3929 cum

347 3973 477 4044 actuali
501 3973 686 4059 divisione,
708 3972 759 4041 ita
786 3971 917 4063 absque
942 3969 1201 4059 divisibilitate‚
1228 3945 1417 4044 consistere

382 4172 389 4206 ⁴
409 4170 493 4221 Leibn.
505 4176 588 4222 contre
600 4184 634 4223 :c
646 4169 772 4220 lnlluilum
784 4177 839 4219 actu
854 4167 916 4218 dari.
927 4181 941 4218 u
951 4167 991 4217 nd
1004 4170 1052 4217 Des
1066 4168 1164 4225 Boreas,
1175 4165 1269 4226 ardu„
1284 4180 1306 4232 p.
1319 4165 1374 4217 435.
1387 4192 1416 4207 -·

348 4251 437 4303 Βακὰ
451 4251 550 4312 Clorlee,
560 4252 655 4314 Erdm„
671 4267 694 4316 p.
703 4251 760 4312 758,
774 4251 822 4301 col.
832 4249 858 4301 a.

381 4333 394 4368 ²
411 4332 493 4387 Lelbn.
508 4331 726 4396 rteod.,l,8;11‚
742 4332 793 4392 171,
806 4339 855 4380 ele.
