3156 5232
755 569 910 632 ..74-

303 703 415 792 lectu,
444 703 719 797 praedioatur¹...
745 703 949 797 Appetitiva
974 704 1136 776 similiter
1158 699 1366 796 generaliter

304 817 433 890 dicitur
450 825 486 891 et
499 817 706 912 specialiter.
724 815 942 891 Generaliter
956 817 1216 911 comprehendit
1230 833 1364 890 omnem

305 933 448 1004 vitalem
474 933 798 1005 determinationem
820 932 1022 1004 tendentem
1045 934 1119 1004 sive
1134 930 1179 1003 ad
1192 931 1274 1004 boni
1289 953 1365 1026 pro·

305 1047 530 1135 secutionem,
556 1047 630 1119 sive
648 1045 693 1118 ad
714 1047 797 1118 mali
820 1047 951 1140 fugam.
973 1046 1048 1132 Quo
1072 1070 1174 1118 sensu
1193 1070 1262 1118 non
1286 1053 1366 1117 tan-

304 1168 380 1230 tum
407 1161 635 1253 appetitivam
660 1164 866 1252 naturalem,
888 1162 949 1235 sed
971 1167 1008 1234 et
1032 1161 1237 1233 sensitivam
1263 1166 1368 1255 atque

303 1275 534 1364 voluntatem,
552 1297 613 1346 suo
633 1275 767 1346 ambitu
784 1276 893 1369 capit,
917 1298 997 1369 quae
1018 1297 1135 1347 omnes
1159 1282 1242 1346 sunt
1256 1274 1366 1346 facul·

303 1393 395 1461 tates
409 1388 612 1483 appetitivae
624 1393 650 1462 ².
672 1390 831 1484 Denique
851 1389 1109 1463 motiva'etiam
1124 1389 1293 1484 accipitur
1307 1413 1368 1484 ge-

304 1502 470 1574 neraliter
485 1509 521 1575 et
535 1505 742 1597 specialiter.
760 1501 977 1576 Generaliter
991 1503 1183 1598 quamlibet
1198 1503 1367 1576 virtutem

303 1621 471 1691 motivam
487 1629 549 1690 aut
565 1621 637 1691 vim
654 1620 802 1706 nitendi,
822 1627 858 1693 et
872 1644 908 1693 se
922 1628 984 1693 aut
998 1621 1095 1692 aliud
1114 1620 1290 1710 movendi,
1307 1620 1367 1693 de-

303 1739 404 1804 notat
416 1735 442 1804 ³.
460 1734 536 1819 Quo
553 1734 693 1807 nomine
715 1736 872 1807 eontinet
890 1736 928 1806 in
948 1759 1010 1808 sua
1025 1729 1213 1808 latitudine
1236 1740 1367 1808 motum

304 1850 516 1934 naturalem,
533 1849 731 1937 animalem,
748 1857 783 1922 et
798 1874 883 1944 pure
897 1851 1056 1923 liberum.
1076 1850 1190 1937 Quare
1205 1850 1274 1922 tria
1287 1857 1369 1922 sunt

304 1985 431 2054 genera
451 1964 657 2036 facultatum
679 1965 853 2053 vitalium,
872 1974 907 2037 et
926 1967 1106 2060 quodlibet
1123 1989 1232 2058 genus
1251 1967 1315 2036 sub
1333 1988 1369 2037 se

299 2083 375 2148 'tres
392 2079 522 2172 species
537 2067 713 2150 continet.¹
724 2079 814 2170 (XV,
831 2079 880 2172 9..)

351 2223 367 2258 «
393 2192 522 2264 Verum
551 2194 619 2265 alio
646 2216 784 2287 quoque
807 2196 907 2266 modo
930 2195 987 2266 hae
1009 2194 1194 2267 facultates
1218 2194 1311 2266 inter
1333 2215 1379 2266 se·

303 2307 495 2400 comparari
517 2315 674 2401 possunt.
700 2307 854 2380 Cuilibet
868 2311 960 2381 enim
976 2309 1102 2403 speciei
1123 2307 1366 2403 perceptionis

303 2421 490 2494 conformis
515 2422 691 2516 appetitus
706 2429 741 2494 et
755 2429 869 2495 motus
895 2423 1089 2517 respondet.
1117 2423 1219 2496 Unde
1236 2422 1293 2494 hee
1307 2445 1368 2493 no·

303 2555 382 2608 vem
407 2535 591 2608 facultates
605 2537 643 2607 in
660 2543 731 2608 tres
750 2537 856 2608 series
879 2545 959 2631 apte
983 2533 1230 2631 dipertiuntur.
1253 2537 1370 2608 Prima

304 2649 461 2722 eontinet
481 2652 728 2746 pereeptivam,
748 2653 975 2745 appetitivam
991 2659 1027 2724 et
1040 2653 1210 2724 motivam
1225 2659 1368 2723 natura-

303 2766 373 2851 les;
391 2767 553 2856 secunda,
569 2766 786 2856 sensitivam,
804 2768 998 2860 appetitum
1022 2767 1232 2854 sensibilem,
1249 2774 1286 2838 et
1298 2790 1370 2837 mo·

303 2883 414 2952 tivam
438 2881 641 2968 animalem;
670 2880 788 2970 tertia,
816 2881 1052 2970 intellectum,
1081 2882 1309 2969 voluntatem,
1334 2889 1370 2952 et

309 2989 476 3059 motivam
491 2987 668 3059 liberam⁴.
685 2987 752 3058 Hae
768 2987 873 3058 series
889 2987 1022 3080 aliquid
1035 2989 1368 3072 habentcommune,

306 3108 342 3171 et
361 3099 496 3194 aliquid
517 3099 664 3193 singulis
684 3100 870 3194 proprium.
889 3100 929 3171 In
945 3101 1038 3171 omni
1060 3101 1147 3173 serie
1167 3101 1279 3195 prima
1293 3124 1369 3194 spe-

307 3215 376 3288 cies
392 3216 490 3309 quasi
505 3213 616 3286 facem
635 3217 860 3308 sequentibus
875 3215 1027 3308 praefert.
1045 3217 1107 3288 Est
1120 3215 1212 3288 enirn
1230 3239 1369 3310 percep·

337 3446 345 3482 ¹
367 3447 452 3498 Leibn.
474 3447 558 3511 Dpist.
574 3447 608 3496 od
623 3447 784 3509 Wepnerum,
800 3447 895 3508 Erdm,
908 3459 932 3510 p.
946 3445 1007 3497 466:
1025 3460 1040 3497 a
1093 3457 1265 3510 correspensus
1279 3448 1371 3498 externi

306 3535 330 3578 st
342 3529 438 3588 interni,
451 3541 494 3578 seu
508 3527 689 3591 repraesentatio
702 3526 795 3576 externi
807 3527 830 3576 in
843 3527 947 3585 interno,
960 3527 1083 3594 compositi
1096 3528 1119 3577 in
1132 3527 1249 3593 simplice,
1263 3529 1371 3578 multitu·

306 3610 368 3660 dinis
379 3610 402 3658 in
416 3609 537 3659 unitate...
553 3609 731 3674 perceptionem
743 3607 900 3658 constituit.»
916 3635 944 3645 -
965 3608 1092 3660 donadei.
1108 3608 1144 3660 tt.
1158 3637 1188 3648 -
1199 3610 1289 3660 Prisc.
1302 3609 1332 3659 de
1345 3609 1371 3658 tc

305 3689 362 3742 Nat.
375 3689 440 3739 etde
454 3687 480 3739 ta
493 3687 578 3751 praee.

336 3771 348 3806 ²
364 3768 452 3821 Leibn.
463 3771 498 3820 De
509 3771 601 3818 auimo
613 3771 765 3830 Brutorum,
773 3769 826 3830 ΧΠ,
842 3769 935 3827 Erdm„
950 3783 972 3834 p.
987 3770 1041 3821 tet.

335 3851 346 3886 ³
364 3849 448 3902 Leibn.
465 3851 569 3908 Theoti,
582 3851 604 3908 1,
615 3851 655 3900 87.

334 3929 447 3982 *Leibu
468 3931 550 3993 Epist.
566 3931 600 3980 cd
614 3929 794 3994 Btertinqiam,
806 3931 849 3993 lli,
863 3931 958 3992 Erdm„
979 3945 1002 3994 p.
1020 3931 1075 3994 ets,
1092 3931 1138 3982 col.
1157 3932 1181 3982 2.
1200 3945 1214 3981 e
1233 3929 1371 3982 Substantia

304 4011 405 4077 simplex
422 4012 446 4060 in
462 4025 590 4074 genere-
601 4012 707 4062 continet
725 3999 938 4077 perceptionem'et
950 4013 1081 4076 appetitum
1090 4038 1121 4050 -
1133 4017 1169 4062 est
1180 4025 1227 4076 que
1239 4010 1275 4060 vel
1288 4011 1372 4075 primi·

304 4091 364 4156 tiva,
377 4107 417 4142 sen
436 4092 538 4150 Deus...,
552 4091 594 4143 vel
607 4091 750 4153 derivativa,
763 4106 849 4156 nempe
867 4106 950 4143 monas
964 4097 1060 4157 creata;
1077 4105 1153 4156 eaque
1170 4099 1206 4141 est
1222 4090 1261 4142 vel
1278 4091 1372 4142 ratione

308 4173 417 4236 predita,
429 4187 507 4236 meas,
519 4173 557 4223 vel
573 4186 644 4223 sensu
660 4172 771 4238 praedita,
784 4186 869 4235 nempe
887 4175 986 4235 ocima,
999 4172 1035 4222 vel
1052 4171 1166 4223 inferiore
1179 4172 1282 4236 quodam
1296 4172 1371 4234 gradu

307 4253 465 4319 perceptionis
477 4258 501 4303 et
513 4253 631 4318 appetitus
647 4253 767 4318 praedita..
783 4290 798 4302 ..
810 4267 824 4302 u
