3156 5232
660 606 819 666 ..85-

206 741 384 813 internum
407 739 522 809 motos
544 733 754 830 principium
771 755 846 806 esse
864 731 1042 805 sufficiens
1063 733 1149 806 vitae
1170 758 1272 830 argu·

205 860 374 928 mentum.
389 851 573 948 Equidem,
591 878 608 916 ι(
625 872 705 920 cum
728 847 779 921 sic
793 849 999 943 loquuntur,
1016 847 1061 918 od
1086 850 1195 922 vitam
1215 875 1270 924 so-

203 969 277 1040 lum
290 963 524 1060 vegetabilem
546 971 583 1036 et
602 962 802 1052 animalem,
820 985 1038 1056 nequaquam
1060 963 1104 1035 ad
1128 972 1272 1036 natura-

202 1083 284 1172 lem,
301 1079 473 1173 respicere
488 1076 655 1150 videntur
660 1098 671 1167 ;
690 1077 873 1148 »verbm«
888 1099 928 1149 eo
942 1076 1018 1171 ipso
1034 1077 1127 1171 quod
1139 1088 1273 1172 ponant

201 1197 349 1291 primam
382 1193 616 1266 differentiam
638 1191 732 1263 inter
754 1190 914 1264 viventia
943 1199 980 1263 et
1003 1215 1073 1264 non
1098 1193 1270 1286 viventia,

202 1308 295 1404 qubd
308 1309 370 1380 illa
384 1308 523 1380 interno
537 1312 652 1377 motus
664 1304 834 1398 principio
849 1304 1037 1397 gaudeant,
1055 1306 1131 1380 haec
1154 1309 1250 1380 nullo
1258 1333 1268 1398 ;

200 1423 370 1519 sequitur,
400 1421 565 1517 quioquid
593 1420 739 1491 interno.
753 1417 924 1513 principio
944 1421 1060 1493 motlis
1083 1422 1270 1515 praeditum

201 1545 266 1624 est,
283 1559 358 1609 esse
371 1534 549 1608 sufficiens
563 1533 649 1604 vitae
660 1531 883 1627 principium.
901 1559 919 1602 a
935 1533 1047 1624 XVII,
1067 1535 1101 1608 2.

245 1651 322 1724 Neu
333 1649 411 1744 quis
421 1646 564 1742 objiciat
574 1675 591 1713 a
600 1646 830 1719 clarissimum
838 1645 999 1719 Suarium
1008 1671 1078 1719 non
1086 1649 1270 1724 admittere

199 1765 399 1860 generalem
422 1770 562 1834 naturae
577 1763 818 1834 substantialis
833 1761 958 1834 vitam.
982 1790 999 1827 u
1026 1763 1118 1836 Satis
1144 1773 1197 1837 est
1211 1767 1270 1838 ille

202 1909 219 1945 «
235 1881 359 1952 doceat
373 1881 414 1950 ac
429 1879 564 1971 probet,
578 1883 712 1947 motum
725 1877 1104 1970 proprie(utloquitur)
1117 1879 1269 1952 abintus

199 1993 477 2090 provenientem,
506 2015 582 2065 esse
608 1991 784 2064 sufficiens
820 1991 906 2063 vitae
931 2000 1220 2085 argumentum...
1250 2023 1267 2062 s

202 2140 219 2176 ι(
243 2107 412 2204 Alioquin
436 2109 566 2180 multos
590 2130 722 2180 errores
746 2130 825 2179 cum
839 2107 904 2179 bac
933 2108 1083 2180 veritate
1099 2109 1268 2204 implexos

200 2223 404 2296 enuntiat...
435 2222 648 2294 Descensum
664 2221 825 2315 gravium
853 2221 1049 2314 generanti,
1080 2230 1124 2295 ut
1154 2246 1270 2296 causae

198 2337 383 2432 principali
400 2335 609 2408 adscribit...
627 2333 846 2408 Gravitatem
861 2334 1009 2428 impetui
1027 2359 1049 2407 a
1063 2333 1268 2430 projiciente

198 2453 365 2546 impresso
379 2451 591 2524 assimilat...
605 2449 800 2544 Rostringit
815 2451 926 2522 vitam
942 2451 987 2521 ad
1008 2452 1081 2522 sola
1101 2451 1267 2526 animalia

198 2575 234 2640 et
251 2568 415 2661 plantas:
440 2588 519 2660 quae
542 2565 736 2638 communis
760 2571 836 2636 erat
857 2564 1168 2658 Peripateticorum
1188 2589 1266 2639 sen·

197 2681 323 2771 tentia,
345 2687 381 2752 ct
394 2679 439 2752 iis
454 2681 536 2752 olim
552 2680 792 2770 condonanda,
809 2681 902 2774 qubd
923 2680 999 2753 vita
1019 2687 1168 2772 naturae,
1186 2683 1266 2754 abs-

199 2819 266 2890 que
281 2817 350 2889 qua
364 2792 551 2866 efficaciter
566 2793 692 2888 corrigi
706 2793 926 2888 nequiverat,
937 2794 981 2867 iis
995 2796 1149 2867 nondum
1164 2795 1266 2868 inno-

199 2911 367 2982 tuisset...
388 2939 405 2976 »
427 2908 589 3004 Singulos
614 2911 700 2982 istos
724 2933 856 2982 errores
879 2910 1060 2984 confutare
1084 2910 1185 2984 facile
1206 2913 1265 3003 sit,

200 3048 307 3120 quum
323 3047 368 3096 ne
383 3023 419 3095 id
432 3024 572 3119 quidem
588 3028 655 3114 (ex.
672 3028 754 3118 gr),
773 3025 965 3096 adverterit
989 3025 1144 3115 Suarius,
1165 3055 1182 3092 «
1199 3028 1266 3098 im·

199 3146 319 3233 petum
345 3137 564 3231 impressum,
599 3139 706 3211 semel
733 3139 908 3210 duntaxat
938 3139 1021 3211 licet
1048 3145 1110 3210 aut
1130 3163 1267 3236 quoque

200 3252 301 3324 modo
317 3253 560 3346 praepeditum,
573 3252 666 3324 illico
681 3275 826 3341 cessare,
853 3275 917 3324 nec
937 3254 1068 3347 absque
1090 3277 1180 3326 novo
1205 3256 1267 3327 im-

199 3368 303 3460 pulsu
322 3366 580 3460 redintegrari:
610 3374 647 3438 at
672 3367 755 3438 verb
780 3367 1002 3460 gravitatem,
1031 3367 1159 3442 millies
1184 3369 1268 3442 licet

198 3481 444 3574 interruptam,
457 3503 567 3574 usque
582 3488 618 3552 et
631 3503 740 3574 usque
758 3501 947 3568 recurrere,
966 3481 1104 3553 interno
1126 3483 1266 3555 ductam

199 3597 412 3691 principio..
438 3625 454 3661 a
481 3595 567 3676 lmb,
586 3595 652 3668 sibi
673 3597 869 3689 pugnantia
888 3596 932 3666 de
950 3595 1130 3694 principiis
1152 3605 1267 3670 motus

198 3711 396 3784 intrinsecis
411 3712 522 3782 docet.
544 3739 561 3774 «
578 3709 722 3782 Fatetur
736 3709 829 3782 enim
845 3711 1045 3804 corporibus
1056 3711 1171 3783 inesse
1191 3736 1266 3783 mo-

199 3833 257 3902 tus
284 3825 494 3920 principium
522 3823 763 3914 intrinsecum,
787 3823 848 3896 sed
879 3848 949 3895 non
979 3832 1161 3898 uteorum
1184 3849 1266 3920 pro-

198 3942 325 4033 prium.
352 3939 490 4030 Quaeso,
509 3939 570 4034 qui
584 3939 724 4012 eveniat
743 3945 784 4010 ut
803 3938 1013 4034 principium
1036 3939 1266 4013 intrinsecum

200 4076 270 4125 non
283 4054 330 4125 sit
342 4055 520 4149 proprium
532 4055 550 4126 ‘l
564 4053 745 4126 Internum
767 4061 881 4126 motus
893 4053 1103 4149 principium
1124 4061 1177 4126 est
1190 4055 1266 4148 ipsa

200 4174 327 4238 natura
346 4167 420 4240 sive
439 4169 590 4240 essentia
608 4168 825 4239 moventis...
842 4167 891 4258 Si,
914 4167 953 4238 in
970 4175 1068 4238 motu
1090 4167 1264 4260 gravium,

199 4281 355 4374 gravitas
365 4281 412 4356 sit
423 4281 633 4375 principium
644 4285 771 4373 motrts,
784 4289 820 4354 et
831 4283 950 4354 eadem
966 4281 1165 4354 immediate
1177 4281 1266 4353 fluat
