3196 5228
777 576 936 638 ..58-

319 707 436 780 Habet
459 726 522 798 ego
543 702 658 775 ideam
677 703 851 797 propriam
865 703 932 776 sibi
955 725 1120 793 ooaevam,
1136 705 1317 799 qualisque
1333 712 1387 778 est

318 820 394 913 ejus
404 821 545 909 entitas,
560 817 642 890 talis
658 825 712 890 est
730 817 835 890 etiam
850 818 924 912 ejus
947 817 1046 906 idea;
1064 841 1187 914 nempe
1197 825 1251 891 est
1264 827 1384 893 aetua-

316 937 373 1018 lis,
390 933 554 1029 positiva,
571 939 608 1004 et
615 933 668 1005 rei
679 955 739 1028 per
753 956 789 1005 se
806 934 1040 1007 subsistentis.
1056 933 1133 1005 Non
1149 956 1230 1028 ergo
1244 958 1388 1029 eognos-

317 1051 411 1123 citur
425 1071 487 1144 per
500 1048 614 1120 ideam
637 1047 800 1137 alienam,
819 1055 881 1119 aut
905 1071 968 1145 per
983 1048 1205 1142 negationem
1226 1049 1385 1138 alterius,

315 1171 356 1236 ut
387 1187 457 1235 non
478 1184 560 1248 ens;
576 1162 645 1236 ,sed
664 1161 701 1232 in
723 1183 772 1252 se,
792 1169 828 1233 et
845 1186 906 1256 per
925 1185 961 1234 se
984 1163 1108 1256 ipsam,
1120 1170 1161 1234 ut
1178 1164 1302 1237 intime
1318 1164 1386 1237 sibi

315 1283 582 1374 praesentem...
599 1273 700 1360 Quod
712 1299 795 1348 vero
809 1276 980 1366 subsistit,
998 1299 1018 1347 a
1037 1276 1181 1350 fortiore
1200 1286 1364 1373 operatur
1373 1303 1383 1370 3

318 1392 480 1488 quodque
488 1396 663 1485 operatur,
671 1390 818 1483 percipit
832 1391 896 1462 ¹.N
898 1413 952 1461 am
962 1388 1173 1484 principium
1180 1391 1382 1466 fundamen-

315 1508 387 1579 tale
397 1505 610 1577 subsistendi
625 1511 661 1575 et
675 1503 840 1599 operandi
853 1527 923 1575 non
936 1511 1019 1575 sunt
1032 1502 1101 1575 duo
1109 1505 1252 1576 realiter
1265 1512 1328 1576 aut
1343 1529 1388 1578 ex

313 1628 412 1716 parte
433 1619 484 1693 rei
504 1619 683 1704 distinata,
706 1618 766 1690 sed
789 1625 929 1689 tantum
956 1619 1174 1713 inadaequati
1200 1627 1387 1715 conceptus

311 1731 466 1825 ejusdem
479 1734 506 1802 ².
518 1732 638 1803 Posito
652 1754 733 1823 ergo
749 1731 975 1804 subsistentia
984 1730 1152 1820 materiae,
1164 1755 1235 1804 una
1244 1733 1388 1826 ponitur

312 1845 342 1940 ej
350 1869 389 1918 us
412 1855 539 1918 natura
561 1846 778 1939 energetioa3
809 1845 989 1933 dotabat,
1014 1846 1158 1940 ponitur
1171 1845 1391 1942 pereeptiva.¹

315 1963 437 2055 Neque
475 1959 569 2031 enirn
614 1961 744 2053 absque
775 1960 997 2054 perceptione
1045 1961 1150 2033 datur
1195 1967 1383 2056 appetere;

313 2097 427 2169 neque
452 2076 581 2168 absque
608 2074 778 2168 appetitu,
794 2097 933 2145 movere
944 2097 955 2164 3
977 2081 1040 2147 aut
1054 2077 1184 2169 absque
1202 2076 1280 2166 hoo,
1302 2099 1383 2171 ope·

315 2189 398 2261 rari.
432 2189 550 2259 Posito
579 2210 660 2280 ergo
689 2194 816 2259 natura
838 2187 1047 2280 energetioa,
1068 2195 1162 2261 reete
1183 2187 1384 2263 inferuntur

315 2301 390 2395 ejus
410 2311 481 2375 tres
502 2303 624 2396 primae
646 2301 851 2386 facultates;
871 2309 905 2373 et
921 2325 960 2373 eo
978 2303 1109 2396 magis,
1127 2303 1220 2398 quod
1237 2305 1383 2376 materia

315 2417 585 2510 incompletasit,
603 2439 667 2488 neo
682 2417 726 2486 ad
740 2423 841 2487 extra
854 2423 1026 2509 operetur.
1044 2415 1080 2488 Si
1092 2415 1202 2510 igitur
1216 2417 1262 2488 sit
1274 2417 1384 2490 omni·

315 2554 359 2601 no
383 2530 576 2624 operativa,
595 2530 737 2601 abintus
761 2529 845 2623 agit.
875 2529 917 2601 Se
937 2553 1017 2623 ergo
1041 2529 1203 2624 percipit,
1222 2553 1258 2602 se
1274 2537 1381 2617 amat,

313 2667 349 2716 se
379 2645 472 2717 tueri
492 2643 630 2716 nititur.
661 2642 746 2716 Cum
774 2644 867 2716 enim
894 2644 1043 2715 facultas
1063 2648 1137 2736 ejus
1167 2644 1381 2738 pereeptiva,

312 2759 442 2830 rationi
454 2757 649 2852 objectivae,
665 2757 739 2829 sive
753 2758 842 2829 ideae
855 2757 1008 2849 ejusdem
1020 2757 1067 2829 sit
1080 2756 1203 2830 intime
1217 2782 1381 2853 praesens,

312 2875 504 2944 necessario
514 2873 664 2967 percipit
677 2871 847 2967 quidquid
860 2894 900 2942 ea
912 2871 1002 2942 ratio
1011 2879 1253 2965 repraesentet;
1266 2879 1384 2945 aetua-

210 3039 213 3045 .
311 2987 379 3058 lem
395 2985 524 3080 quippe
542 3008 639 3056 suam
667 2985 851 3056 entitatem
866 2991 1038 3078 quatenus
1059 3007 1121 3078 per
1136 3008 1172 3057 se
1188 2986 1380 3058 subsisten-

310 3107 395 3188 tem,
427 3122 573 3193 eamque
597 3122 666 3193 qua
687 3102 813 3170 bonam
835 3104 871 3170 et
891 3099 1089 3170 amabilem.
1118 3099 1242 3186 Quare·
1262 3123 1382 3172 neees-

311 3213 401 3284 sario
416 3236 553 3307 quoque
570 3213 659 3283 hano
686 3236 784 3282 suam
808 3213 991 3284 entitatem
1016 3215 1161 3307 appetit,
1182 3214 1255 3286 sive
1272 3221 1378 3286 amat.

312 3323 469 3420 Cumque
496 3327 564 3398 ista
586 3327 665 3398 idea
688 3333 916 3422 repraesentet
939 3327 1096 3398 materiae
1118 3328 1380 3402 subsistentiam

311 3445 351 3509 ut
366 3440 575 3511 naturaliter
589 3448 804 3534 perpetuam,
826 3441 891 3511 hae
916 3441 1245 3537 fruitur,'omnique
1264 3442 1379 3513 studio

310 3559 346 3624 et
360 3553 534 3624 industria
545 3554 637 3624 hano
658 3554 828 3644 vindieat,
846 3577 910 3626 neo
933 3554 1007 3626 ulla
1032 3554 1201 3627 violentia
1223 3579 1259 3628 se
1282 3557 1380 3626 anni-

309 3666 413 3739 hilari
427 3669 645 3762 permittit.»
666 3669 745 3760 VII,
765 3669 818 3740 10.

340 3852 348 3885 ¹
368 3851 406 3902 Cf.
422 3852 507 3902 Leibn.
523 3854 559 3902 Do
571 3855 668 3903 Animo
680 3855 828 3914 Brutormn,
840 3867 886 3906 xm.
897 3854 982 3919 Erdm,
994 3868 1019 3919 p.
1032 3855 1090 3908 161.

339 3933 352 3968 ²
370 3934 408 3983 cf.
424 3933 509 3984 Leibn.
520 3936 556 3984 De
565 3949 626 3984 uara
636 3935 764 4000 methodo,
775 3935 871 3999 Enim,
882 3950 906 4000 p.
921 3936 975 3996 111,
988 3936 1036 3987 ool.
1047 3937 1072 3988 2.
1085 3950 1099 3987 u
1110 3936 1210 3989 Omnem
1220 3937 1379 3988 substantiam

211 4084 214 4088 ³
306 4025 378 4074 agere
389 4020 413 4064 et
424 4027 494 4064 omne
506 4028 580 4075 ageos
591 4015 748 4065 substantiam
759 4016 882 4081 appellari.
896 4030 910 4067 a
963 4031 976 4067 n
988 4017 1055 4079 Quod
1068 4031 1115 4068 non
1127 4018 1177 4082 agit
1189 4032 1232 4069 nee
1244 4019 1380 4069 existere.»

308 4117 338 4128 -
350 4093 381 4140 At
395 4091 479 4143 Leibn.
499 4094 580 4156 Epist.
599 4095 634 4144 od
657 4097 775 4157 Wapoer.
795 4096 888 4157 Erdm„
906 4111 930 4161 p.
944 4097 1000 4160 166,
1016 4097 1123 4148 deotmot
1133 4112 1147 4148 u
1160 4097 1304 4162 principium
1317 4098 1380 4147 soti-

308 4181 363 4221 vum
375 4186 422 4223 non
434 4173 505 4224 tribui
521 4188 534 4224 a
549 4189 574 4224 se
590 4176 700 4226 materia
716 4177 788 4227 nudae
804 4179 853 4228 sive
871 4179 960 4242 prima,
982 4191 1036 4234 ouoe
1055 4193 1122 4229 mera
1136 4179 1232 4246 passiva
1249 4185 1325 4240 est...
1338 4179 1380 4227 sed

310 4260 402 4302 tontum
416 4256 523 4304 materia
535 4255 637 4306 vestita.
650 4271 664 4305 u
