3156 5232
325 641 475 716 ducendi
497 663 598 712 suum
615 662 699 731 opus
720 640 921 710 declarant:
941 662 1064 734 nempe
1077 642 1290 716 substantias
1308 667 1394 736 opus

325 753 598 852 aggrediendum
618 753 806 846 percipere,
830 759 1031 846 perceptum
1055 762 1229 847 appetere,
1258 759 1393 852 appeti-

325 877 402 942 tum
416 857 555 940 obire...
570 867 647 936 Hoc
661 864 771 958 igitur
786 865 874 937 mihi
900 868 1115 960 probandum
1131 868 1315 960 incumbit,
1331 894 1394 943 na·

324 990 441 1055 turam
464 979 730 1052 substantialem
755 1002 829 1078 essa
854 980 988 1069 vivom,
1021 981 1087 1051 hoc
1116 988 1170 1054 est
1204 983 1392 1079 percipere,

325 1095 494 1192 appetafe
509 1103 544 1166 et
566 1117 746 1165 movere...
765 1101 905 1187 tresque
927 1093 1013 1165 istas
1034 1095 1220 1170 facultates
1235 1121 1255 1168 a
1270 1105 1395 1171 natura

325 1208 550 1284 substantiali
567 1207 768 1280 immediate
786 1209 976 1281 dimanare.
993 1209 1202 1283 Immediate
1215 1211 1305 1302 dico,
1322 1236 1394 1285 res-

314 1333 429 1421 pectu
454 1324 600 1394 aliarum
626 1323 860 1417 potentiarum
885 1330 947 1394 aut
970 1323 1216 1416 accidentium,
1248 1351 1394 1422 quorum

325 1443 423 1513 nulla
441 1441 535 1512 inter
548 1439 612 1510 has
627 1438 813 1538 facultates
824 1446 861 1511 et
878 1446 1039 1510 naturam
1057 1443 1265 1515 substantiae
1283 1444 1393 1514 inter-

325 1559 468 1630 cedunt.
491 1554 586 1627 Voce
608 1555 719 1649 igitur
738 1577 796 1626 eas
819 1555 949 1650 primas
972 1554 1176 1643 facultates,
1206 1580 1275 1629 non
1303 1559 1395 1652 quod

326 1693 446 1744 omnes
463 1692 562 1764 aeque
576 1651 699 1762 primae
719 1669 790 1740 sint
806 1670 889 1762 (sola
913 1667 1004 1740 enim
1028 1669 1228 1764 perceptiva
1247 1678 1300 1743 est
1316 1673 1396 1744 sim-

308 1785 465 1878 'pliciter
479 1784 618 1878 prima),
633 1784 693 1854 sed
707 1782 836 1876 primas
852 1807 951 1870 voca,
970 1784 1062 1877 quod
1075 1785 1347 1858 universaliores
1359 1795 1395 1858 et

325 1897 446 1969 ordine
474 1897 612 1968 naturae
634 1896 765 1990 priores
790 1897 862 1968 sint
890 1897 969 1968 aliis
999 1897 1158 1970 omnibus
1180 1901 1346 1993 potentiis
1360 1908 1396 1973 et

240 2085 246 2098 ,
323 2012 594 2085 facultatibus...
617 2012 705 2083 Sunt
721 2011 814 2083 enim
829 2019 1007 2106 perpetuae
1026 2021 1062 2084 et
1078 2021 1215 2085 naturae
1232 2017 1393 2086 substan-

324 2127 404 2198 tiali
416 2149 557 2198 coaevae.
575 2125 628 2196 De
645 2125 825 2219 spiritibus
841 2149 895 2196 res
911 2133 1031 2217 aperta
1047 2134 1112 2216 est,
1138 2129 1332 2221 dequibus,
1349 2152 1393 2200 an

325 2242 401 2314 sine
426 2239 646 2335 perceptione
677 2240 864 2312 subsistere
890 2248 1066 2334 nequeant
1096 2264 1197 2313 nemo
1225 2242 1393 2314 hactenus

325 2355 515 2427 dubitavit.
537 2355 589 2428 De
608 2354 755 2426 materia
776 2354 868 2426 infra
893 2356 1142 2448 probabitur.»
1166 2356 1273 2445 (Xlll,
1297 2355 1329 2438 6,
1345 2357 1392 2445 7.)

369 2471 437 2542 Hae
452 2476 524 2541 tras
544 2469 668 2561 primae
690 2469 887 2558 facultates,
906 2469 943 2540 in
966 2491 1053 2562 quas
1079 2469 1200 2540 Biusia
1225 2473 1392 2564 quodam·

324 2587 426 2657 modo
451 2583 624 2655 dividitur
649 2583 738 2654 nihil
764 2589 848 2654 sunt
872 2583 939 2654 nisi
962 2583 1178 2677 inadaequati
1206 2593 1393 2678 conceptus

247 2754 249 2758 ψ
324 2701 435 2794 ipsius
462 2698 590 2770 vitae...
619 2698 782 2770 Facultas
805 2698 898 2769 enim
923 2697 1124 2792 perceptiva
1149 2705 1285 2770 naturae
1311 2701 1392 2771 sub·
1534 2710 1537 2716 '

323 2812 483 2888 stantiali
497 2811 587 2885 nihil
602 2813 801 2884 absolutum
815 2811 925 2901 addit,
947 2812 1015 2883 nisi
1031 2813 1236 2886 relationem
1252 2815 1297 2883 ad
1312 2836 1392 2905 ope-

323 2927 518 2998 rationes...
547 2925 648 3011 Quod
673 2929 717 2998 ad
742 2927 971 3020 appetitivam
996 2934 1031 2998 et
1058 2927 1226 2998 motivam
1251 2928 1392 3011 attinet,
1422 2938 1424 2943 ’

323 3041 385 3114 illa
406 3041 645 3136 praesupponit
666 3049 827 3112 naturam
845 3064 920 3112 esse
937 3043 1137 3135 perceptiva
1160 3043 1258 3134 prius
1278 3041 1394 3113 imbu-

323 3165 413 3242 tam3
432 3155 509 3226 haec
523 3154 729 3249 appetitiva.
746 3148 995 3227 Verumtamen
1010 3156 1067 3226 hac
1083 3176 1222 3250 quoque
1243 3155 1392 3227 faculta-

323 3277 376 3340 tes
391 3270 556 3341 videntur
579 3269 749 3362 alioquin,
781 3292 905 3363 nempe
930 3267 1136 3360 subjective,
1164 3277 1301 3341 naturae
1326 3269 1394 3363 ipsi

323 3382 548 3455 immediatae.
575 3383 713 3454 Etenim
737 3383 931 3478 appetitiva
945 3408 966 3455 a
980 3383 1193 3478 perceptiva,
1211 3389 1246 3456 et
1260 3383 1394 3454 motiva

322 3500 367 3591 ab
386 3497 580 3592 appetitiva
604 3497 777 3591 dependet
800 3499 958 3592 quidem;
988 3506 1143 3570 attamen
1165 3521 1234 3569 non
1257 3497 1391 3591 subjec-

321 3611 408 3699 tive,
426 3613 487 3682 sed
500 3617 639 3683 tantum
656 3610 828 3703 objective
842 3617 878 3682 et
893 3611 1065 3684 effective.
1079 3612 1283 3705 Perceptiva
1299 3611 1391 3685 enim

323 3748 394 3797 non
417 3726 563 3818 appetit,
590 3749 654 3798 nec
682 3725 875 3820 appetitiva
897 3733 1044 3798 movet:
1069 3727 1129 3798 sed
1155 3735 1281 3798 natura
1308 3729 1391 3798 sub-

323 3838 510 3928 stantialis,
535 3839 617 3934 quia
641 3839 800 3934 percipit,
819 3841 971 3933 appetit;
994 3847 1030 3913 et
1047 3841 1130 3935 quia
1153 3841 1299 3936 appetit,
1318 3864 1392 3912 mo-

323 3957 396 4024 vet.
415 3978 433 4020 a
450 3953 559 4044 (XHL
575 3955 624 4045 8.)

367 4066 471 4138 Mitto
491 4076 595 4162 caput
611 4091 684 4152 xvv,
710 4071 802 4164 quod
822 4077 936 4142 totum
951 4077 1004 4142 est
1019 4076 1058 4142 de
1068 4075 1223 4162 potentiis
1238 4084 1267 4140 ct
1281 4073 1390 4160 focul-

324 4184 446 4252 totlbns
459 4187 494 4253 tn
508 4205 633 4273 penore,
651 4185 812 4279 quodque
827 4185 955 4257 inutile
972 4185 1029 4256 hio
1044 4188 1217 4278 interponi
1237 4186 1388 4264 videtur,
