3196 5228
233 738 254 802 ¹«
269 709 400 780 Verum
424 707 571 800 materia
579 707 692 802 primo
706 730 776 779 non
795 707 907 778 solum
921 701 1149 798 perfectiones
1164 724 1256 795 suas,

189 819 250 892 sed
278 819 384 892 etiam
417 811 580 891 defectus
601 827 637 892 et
665 819 856 892 carentiam
890 817 1012 916 formae
1042 839 1111 910 qua
1139 815 1259 910 perfici

189 933 326 1023 debeat,
338 931 451 1004 noscit
466 933 639 1028 :percipit
652 933 924 1006 nimirumsuam
939 929 1170 1025 aptitudinem
1185 929 1259 1003 sive

190 1047 383 1142 potentiam
400 1048 445 1118 ad
466 1047 667 1119 ulteriorem
684 1046 929 1142 perfectionem
945 1044 1137 1134 formalem,
1155 1066 1259 1138 quam

191 1185 259 1251 qua
271 1160 414 1250 fruitur,
433 1161 698 1255 suscipiendam.
719 1161 813 1232 Hinc
825 1158 971 1231 fortasse
988 1158 1150 1229 dicitura
1167 1159 1260 1230 Peri-

190 1273 352 1369 pateticis
367 1272 513 1345 formam
527 1264 701 1370 appetere.
721 1304 737 1340 a
754 1275 832 1346 Non
847 1273 925 1344 ideo
939 1280 1057 1343 tamen
1071 1272 1164 1342 inter
1181 1295 1260 1344 cau·

190 1412 245 1460 sas
262 1387 468 1461 mutationis
492 1396 528 1460 et
553 1388 805 1461 vicissitudinis
827 1411 942 1459 rerum
970 1386 1184 1458 naturalium
1207 1394 1261 1458 est

190 1503 463 1574 numeranda...
477 1488 500 1567 ι«
514 1487 659 1597 Appetit
671 1500 811 1597 quidem
821 1499 980 1589 formam,
993 1523 1061 1594 qua
1071 1497 1145 1591 ejus
1156 1499 1259 1570 nudi-

188 1624 245 1687 tas
266 1617 341 1687 sive
356 1623 495 1687 naturae
510 1616 665 1688 defectus
682 1617 885 1710 suppleatur
900 1638 907 1685 :
924 1637 993 1684 non
1006 1620 1126 1685 autem
1140 1613 1261 1685 formae

189 1728 468 1816 innovationem,
484 1729 552 1800 nisi
567 1737 738 1824 quatenus
754 1730 796 1800 ab
812 1735 938 1822 agente
954 1725 1149 1820 potentiore
1177 1729 1261 1798 sub·

185 1841 344 1934 jugatur,
362 1842 517 1936 adeoque
532 1851 685 1915 veterem
703 1843 850 1914 formam
863 1843 1047 1937 deponere,
1065 1829 1262 1934 novamque

171 1980 174 1986 ¹
191 1953 378 2027 admittere
393 1956 541 2050 cogitur.
558 1984 575 2023 a
591 1957 669 2040 Vll,
690 1959 743 2028 ll.

239 2097 256 2133 α
277 2069 396 2159 Porro,
413 2077 454 2140 ut
468 2071 543 2164 ipsa
557 2072 704 2143 materia
725 2071 837 2165 prima
851 2070 889 2141 in
912 2077 1039 2141 natura
1054 2093 1116 2140 sua
1131 2069 1262 2140 incom-

194 2186 290 2278 pleta
299 2190 364 2270 est,
383 2185 435 2256 ita
450 2207 587 2279 quoque
607 2182 680 2275 ejus
692 2184 815 2276 primae
831 2182 1018 2256 facultates
1033 2190 1115 2254 sunt
1129 2183 1261 2254 incom-

194 2300 312 2393 pletae.
329 2299 482 2392 Percipit
498 2299 637 2393 quidem
666 2299 732 2369 sibi
759 2299 876 2369 deesse
901 2297 1061 2388 formam,
1083 2321 1152 2391 qua
1166 2320 1260 2369 com-

190 2414 340 2508 pleatur,
373 2414 526 2484 sednon
556 2413 705 2506 percipit
722 2411 817 2506 quali
844 2435 928 2506 opus
950 2413 1089 2483 habeat.
1116 2410 1153 2483 Si
1166 2411 1261 2483 enim

194 2526 407 2598 discerneret
431 2531 560 2596 certam
576 2526 823 2619 particularem
845 2524 992 2596 formam
1020 2531 1061 2595 ut
1080 2524 1148 2596 sibi
1179 2549 1260 2596 con·

192 2664 328 2734 gruam,
344 2662 415 2710 non
427 2645 519 2710 esset
539 2639 742 2710 indifferens
763 2640 807 2709 ad
822 2662 941 2711 omnes
958 2663 966 2710 :
984 2640 1129 2712 materia
1144 2647 1261 2711 autem

190 2757 255 2825 sub
270 2761 438 2848 conceptu
463 2754 586 2847 primae
612 2753 657 2824 ad
683 2755 815 2825 nullam
834 2761 963 2825 certam
988 2753 1134 2825 formam
1152 2756 1262 2826 deter-

191 2870 361 2956 minatur,
381 2876 417 2940 et
449 2876 700 2962 consequenter
725 2891 789 2939 nec
805 2867 1039 2961 quidditatem
1067 2867 1262 2962 specificam

192 3006 257 3054 nec
280 2983 486 3078 qualitatem
507 2982 629 3052 formae
657 2982 811 3053 absentis
836 2989 871 3053 et
893 2980 1100 3054 desideratae
1119 2983 1185 3054 scit
1200 2990 1263 3054 aut

193 3097 326 3191 cogitat
342 3121 350 3168 :
368 3104 507 3168 tantum
521 3096 670 3191 percipit
687 3097 841 3190 aliquam
857 3096 1005 3167 formam
1020 3095 1096 3169 sive
1110 3097 1260 3169 additio-

191 3214 305 3283 nalem
323 3218 485 3283 naturam
510 3211 576 3282 sibi
596 3211 726 3296 deesse,
744 3233 811 3304 qua
827 3233 889 3281 sua
913 3218 1039 3282 natura
1054 3211 1263 3306 incompleta

190 3326 376 3398 sarciatur.
396 3355 414 3392 »
433 3325 509 3414 Vll,
530 3324 583 3397 12.

235 3439 399 3511 Potentia
412 3439 570 3510 materiae
584 3438 707 3532 primae
720 3461 789 3509 non
804 3437 945 3530 agnosci
957 3440 1001 3508 ab
1016 3437 1176 3510 omnibus
1191 3461 1262 3510 non
1318 3501 1319 3508 ,

189 3559 326 3647 potest;
345 3553 439 3624 haud
453 3553 504 3623 ita
521 3560 639 3624 tamen
660 3550 890 3644 intelligenda
905 3557 970 3641 est,
987 3559 1027 3623 ut
1041 3552 1152 3646 ipsam
1169 3555 1261 3624 enti-

190 3673 299 3739 tatem
314 3667 472 3739 materiae
484 3666 574 3737 nihil
588 3666 686 3738 aliud
699 3687 774 3737 esse
797 3665 1019 3755 arbitremur,
1044 3665 1112 3736 nisi
1138 3690 1262 3759 puram

190 3783 394 3879 potentiam.
414 3783 550 3871 «Mihi,
572 3783 632 3876 qui
656 3782 813 3854 materiae
830 3781 1013 3854 entitatem
1037 3806 1107 3854 non
1122 3790 1197 3855 tam
1212 3785 1264 3854 vi-

151 3891 154 3896 ’
190 3895 260 3968 lem
275 3919 315 3967 ac
334 3897 418 3967 olim
426 3896 621 3967 habebatur
631 3903 763 3988 putem,
784 3894 900 3967 minus
916 3895 1046 3966 arridet
1059 3895 1125 3968 iste
1140 3897 1263 3969 modus

192 4012 370 4106 loquendi,
397 4011 580 4084 materiam
606 4035 680 4084 esse
707 4034 830 4106 puram
853 4011 1046 4106 potentiam
1065 4015 1088 4082 ¹.
1112 4011 1262 4083 Facilius

225 4183 233 4217 ¹
252 4181 290 4233 (tf.
306 4181 392 4234 Leibn.
406 4183 543 4248 Daphitae.
554 4185 647 4248 prima
658 4185 842 4244 emendatione,
859 4183 954 4248 Earn,
968 4198 991 4248 p.
1006 4184 1059 4235 122.
1074 4197 1088 4233 o
1101 4183 1189 4234 ltiffert
1199 4184 1261 4233 enim

193 4261 229 4310 ris
244 4261 346 4312 acriora
361 4264 464 4328 potentia
478 4263 541 4312 noda
560 4263 632 4326 vulgo
645 4263 733 4315 scholis
742 4265 870 4325 cognito...
880 4281 894 4309 n
907 4287 936 4303 -
949 4267 1028 4328 Epist.
1042 4265 1076 4313 cd
1087 4263 1261 4326 Biertioqiom
