3156 5232
626 575 806 643 -las-

188 733 268 787 cum
288 709 333 784 iis
355 729 447 805 qnae,
466 709 511 782 ab
526 707 682 802 antiquis
695 708 838 796 tradita,
859 708 898 782 in
917 703 1044 780 scholis
1062 722 1173 803 usquc
1194 723 1252 780 ac·

188 835 289 920 cepta
307 825 475 919 vigebant
490 822 676 896 conciliare
693 822 766 896 fere
779 811 903 894 itidem
918 827 1158 893 tentaverunt.
1176 821 1253 894 Hoc

188 963 271 1013 vero
294 962 379 1034 opus
409 937 603 1010 Glissonius
636 936 770 1030 aliquot
797 942 880 1008 ante
906 935 1122 1009 Leibnitium
1143 935 1253 1007 ¹annis

187 1075 369 1148 aggressus
382 1059 447 1140 cst,
458 1057 506 1140 et,
516 1049 650 1121 minore
657 1049 741 1121 licet
755 1049 897 1142 ingenio
912 1049 1093 1144 praeditus,
1110 1047 1143 1121 ei
1159 1055 1253 1121 certe

187 1175 223 1242 ct
238 1189 430 1262 praecursor
445 1164 512 1235 fuit
522 1171 558 1236 et
572 1164 823 1257 quodammodo
833 1163 944 1238 facem
958 1164 1128 1257 praetulit.

235 1381 363 1452 Verum
389 1377 500 1448 multa
522 1397 659 1471 quoque
680 1375 774 1448 inter
796 1375 875 1448 illos
898 1375 1131 1450 dissimillima
1156 1385 1252 1452 sunt.

190 1494 278 1581 Quae
292 1491 500 1564 differentiae
515 1512 584 1561 non
598 1491 699 1561 modo
714 1492 757 1563 ab
771 1489 846 1582 ipsa
864 1489 1084 1584 ingeniorum
1104 1490 1252 1566 diversi·

188 1616 275 1695 tate,
298 1605 360 1681 sed
380 1614 417 1678 et
438 1604 520 1676 inde
537 1602 730 1699 praesertim
746 1611 833 1675 ortae
856 1625 930 1676 esse
953 1603 1132 1695 videntur,
1161 1606 1254 1700 quod

189 1725 278 1794 alter
294 1720 382 1793 etin
395 1717 526 1812 Anglis
536 1717 628 1789 vixit
643 1725 680 1788 et
693 1741 714 1788 a
728 1717 901 1789 medicina
911 1717 1134 1812 physicisque
1143 1741 1255 1813 quaes·

188 1836 344 1909 tionibus
359 1833 405 1905 ad
417 1831 691 1925 metaphysioam
708 1854 744 1903 se
758 1831 920 1919 contulit,
934 1833 1036 1921 alter,
1052 1831 1090 1903 in
1109 1829 1254 1906 Germa·

189 1949 250 2020 nia
261 1956 379 2037 natus,
397 1970 418 2017 a
434 1943 682 2018 Mathematioa
695 1944 825 2039 potius,
843 1967 883 2016 ao
904 1944 1104 2038 Theologia‚
1119 1950 1255 2018 moroli-

190 2068 248 2135 occ
262 2085 342 2156 que,
366 2067 408 2132 ut
431 2060 544 2150 aiunt,
572 2064 739 2146 doctrinis,
765 2060 809 2131 ad
829 2059 1083 2154 philosophiam
1106 2058 1254 2154 primam

188 2176 341 2249 transiit.

231 2288 426 2362 Glissonins
440 2289 571 2383 itaque,
589 2311 787 2384 quanquam
804 2311 875 2360 non
891 2285 934 2359 de
947 2287 1021 2360 Deo
1034 2293 1175 2361 tantum
1198 2295 1252 2361 at-

189 2429 256 2498 quc
271 2405 388 2476 anima
404 2403 580 2492 rationali,
597 2403 657 2475 scd
672 2411 708 2475 et
733 2403 775 2475 de
789 2403 936 2498 Angelis
958 2403 1253 2496 Daemonibusque

188 2543 339 2593 necnon
363 2521 406 2590 dc
429 2518 648 2590 Eucharistia
672 2518 801 2611 passim
820 2518 980 2606 disserat,
1009 2517 1123 2612 reipsa
1142 2518 1252 2590 multo

188 2635 303 2707 minus
315 2657 418 2728 quam
430 2633 625 2705 Loibnitius
636 2631 701 2704 Dei
710 2633 941 2728 humanaeque
950 2635 1078 2706 mentis
1092 2641 1252 2706 naturam

187 2760 224 2819 et
244 2771 322 2819 cum
347 2747 470 2818 ceteris
490 2749 593 2818 rebus
616 2748 859 2819 commercium
881 2747 1095 2844 investigare
1123 2757 1249 2822 curat:

186 2863 374 2932 humanam
399 2860 600 2932 divinamve
628 2859 827 2933 libertatem
859 2862 1003 2934 omittit.
1029 2863 1134 2935 Illum
1155 2870 1254 2958 patet

186 2983 250 3048 aut
260 2976 304 3047 de
317 2974 388 3046 illis
402 2977 506 3046 rebus
521 2975 635 3048 minus
653 2975 843 3048 sollicitum
855 2998 942 3067 esse,
958 2983 1021 3049 ant
1035 2977 1152 3071 potius
1178 2984 1252 3048 tra·

187 3090 302 3162 latitio
317 3097 524 3184 acceptoque
548 3089 709 3182 dogmate
735 3097 951 3180 contentum,
979 3090 1251 3185 metaphysicam

188 3211 332 3276 eatenus
340 3212 480 3276 tantum
490 3203 585 3275 cordi
596 3203 771 3294 habuisse,
783 3211 955 3297 quatenus
965 3205 1120 3298 physicae
1133 3207 1250 3277 lumen

188 3320 310 3392 afferre
322 3319 510 3391 videretur.

233 3433 795 3523 Substantiametsiambodooont,
804 3435 941 3528 integre
949 3445 1162 3530 conceptam,
1172 3440 1251 3510 sub-

188 3549 348 3622 sistentia
362 3557 398 3620 et
412 3556 537 3621 natura
552 3548 749 3641 energctioa
772 3556 943 3638 constare,
960 3549 1173 3623 Glissonium
1195 3560 1251 3624 ta-

180 3655 265 3735 'mon
282 3663 376 3734 dicas
390 3663 627 3734 subsistentiae
641 3661 757 3754 potius
768 3662 913 3735 formam
929 3688 990 3736 seu
1007 3675 1168 3738 naturam
1185 3669 1250 3738 tri-

186 3781 305 3867 buere,
320 3776 533 3848 Leibnitium
548 3778 662 3870 potius
676 3777 797 3848 formae
820 3801 883 3850 seu
900 3788 1038 3851 naturae
1062 3781 1252 3853 subsisten-

187 3891 285 3962 tiam.
303 3890 376 3973 llle,
393 3897 515 3982 utpote
536 3890 595 3982 qui
611 3890 712 3982 ¹prior
735 3890 911 3984 scripserit
928 3901 964 3964 et
987 3916 1024 3966 se
1046 3896 1252 3967 scholastica

188 4014 263 4077 tum
278 4005 450 4077 scribendi
469 4011 544 4076 tum
561 4003 739 4097 cogitandi
753 4005 889 4077 ratione
902 4007 1056 4078 nondum
1070 4008 1154 4080 satis
1166 4008 1252 4080 libe-

159 4126 162 4131 ’
187 4119 331 4205 raverit,
350 4119 459 4189 multo
473 4119 596 4210 magis,
612 4117 746 4190 invitus
758 4120 853 4209 licet,
867 4120 1098 4215 inadaequatis
1109 4146 1253 4218 concep·

187 4233 282 4305 tibus
291 4231 476 4325 decipitur.
495 4231 608 4316 Quare
621 4253 689 4303 non
705 4232 853 4328 integrae
863 4235 962 4306 modo
978 4257 1039 4307 seu
1054 4264 1070 4302 c
1082 4235 1218 4309 vestitae
1233 4269 1249 4304 >l
