3196 5228
763 617 923 678 ..25-

313 747 410 820 ribus
424 748 523 842 quasi
535 747 740 836 delectatur,
753 771 814 840 per
823 749 1022 822 innumeros
1032 750 1197 822 circuitus
1211 752 1373 824 lectorem

313 862 435 950 trahit,
471 885 491 932 a
517 860 692 954 proposito
715 863 845 934 centies
875 862 1081 956 digreditur,
1114 863 1228 934 divisa
1256 889 1377 938 rursus

313 975 453 1065 dividit,
480 975 591 1046 haeret
618 975 654 1045 in
684 975 978 1064 distinctionibus,
1006 979 1158 1049 rationes
1183 981 1377 1051 rationibus

311 1088 462 1161 innectit
476 1098 581 1182 atque
596 1088 764 1181 implicat.
781 1091 877 1161 Adeo
893 1114 961 1161 non
977 1097 1072 1162 recta
1087 1094 1131 1162 ad
1147 1091 1252 1163 finem
1267 1092 1376 1164 desti-

312 1212 434 1276 natum
464 1204 591 1297 pergit,
622 1214 664 1275 ut
695 1213 815 1276 contra
839 1213 1077 1277 transversum
1105 1208 1282 1278 tramitem
1316 1207 1377 1278 vix

312 1342 421 1389 unum
436 1341 505 1389 non
530 1318 760 1410 ingrediatur,
778 1321 874 1390 nullo
890 1319 1096 1392 diverticulo
1123 1320 1309 1410 abstineat,
1335 1344 1378 1393 ne

309 1433 490 1503 minimam
507 1434 651 1526 quidem
676 1435 733 1504 vel
747 1432 1013 1504 remotissimam
1034 1457 1146 1506 arcem
1174 1458 1242 1505 non
1260 1437 1378 1506 obses-

310 1570 380 1618 sam
397 1554 594 1638 praetereat.
612 1545 709 1617 inter
727 1575 743 1614 ι(
762 1546 915 1638 prolixas
937 1556 973 1618 et
985 1547 1168 1619 intricatas
1183 1549 1284 1620 hasce
1304 1572 1380 1642 spe·

310 1660 502 1733 culationes
521 1664 529 1700 ¹
550 1690 566 1726 »
586 1684 654 1731 non
670 1668 722 1732 est
733 1663 824 1754 quod
835 1661 933 1732 illum
949 1662 1160 1754 pedetentim
1175 1686 1375 1757 sequamur;

309 1773 489 1866 inquibus
514 1773 779 1844 dolendum'est
795 1772 917 1866 optimi
940 1775 1073 1866 ingenii
1099 1774 1215 1846 virum
1237 1783 1376 1846 tantum

265 1905 268 1912 ’
312 1889 477 1979 temporis
501 1887 764 1980 consumpsisse.
783 1887 874 1958 Dum
891 1887 984 1958 enim
1005 1890 1118 1959 clarus
1132 1912 1206 1960 esse
1230 1888 1376 1960 nimium

311 2003 442 2088 studet,
457 2001 499 2072 fit
509 2025 600 2094 saepe
615 2002 793 2073 obscurius
802 2025 812 2092 3
829 2003 911 2072 drrm
929 2026 1157 2096 quaecumque
1173 2012 1377 2096 argumento

313 2139 375 2186 suo
402 2115 563 2206 adjacent
576 2114 745 2186 minutius
763 2123 799 2186 et
815 2115 1047 2209 scrupulosius
1068 2124 1256 2204 scrutatur,
1274 2118 1311 2186 id
1325 2119 1379 2208 ip·

314 2255 390 2302 sum
415 2233 507 2324 quod
532 2232 748 2324 probandum
775 2238 827 2302 est
851 2230 1010 2302 oblivisci
1040 2231 1192 2320 videtur,
1217 2233 1379 2303 lectorem

315 2351 408 2416 certe
423 2344 582 2416 oblivisci
598 2345 701 2436 cogit.

360 2459 473 2531 Multa
489 2482 626 2552 quoque
638 2460 675 2529 in
690 2458 866 2530 Leibnitio
881 2461 1086 2552 perobscura
1100 2481 1175 2530 esse
1185 2457 1273 2529 satis
1286 2480 1383 2530 cons·

314 2580 380 2662 tat,
397 2573 458 2644 sed
472 2572 540 2644 alio
556 2574 669 2644 modo.
687 2573 838 2644 Tantum
852 2575 949 2644 abest
971 2580 1012 2642 ut
1032 2571 1215 2642 dialectica
1236 2572 1381 2643 cavilla-

313 2686 410 2758 tione
425 2686 482 2758 bic
495 2689 674 2769 abutatur,
693 2693 734 2756 ut
749 2694 870 2758 contra
883 2693 1007 2758 exacta
1022 2708 1253 2778 expressaque
1271 2686 1382 2756 ratio-

314 2799 488 2872 cinatione
502 2801 579 2892 plus
602 2823 702 2894 aequo
724 2800 910 2871 abstineat.
929 2795 1016 2884 Quae
1037 2823 1081 2870 ex
1099 2799 1274 2870 uberrimo
1287 2799 1383 2872 fonte

313 2912 447 3006 ingenii
477 2914 575 3008 quasi
599 2915 795 2986 scaturiunt
817 2936 860 2984 ex
882 2921 1036 3006 tempore
1057 2913 1200 3006 profert,
1225 2913 1383 3006 digerere

313 3034 349 3098 et
361 3050 564 3121 componere
580 3029 679 3122 quasi
703 3027 914 3120 dedignatur
919 3049 931 3117 3
947 3027 1132 3100 adumbrat
1144 3026 1307 3120 plurima,
1324 3030 1382 3099 ab·

313 3141 419 3213 solvit
440 3141 512 3214 fere
527 3141 635 3231 nihss3
663 3143 757 3213 dicta
774 3161 865 3234 saepe
883 3142 1000 3227 iterat,
1026 3141 1173 3212 dicenda
1193 3140 1381 3234 aliquando

313 3255 447 3326 omittit
452 3278 463 3346 3
481 3278 560 3350 quae
575 3256 742 3352 explicari
758 3255 908 3326 maxime
923 3261 1063 3326 necesse
1081 3253 1128 3325 sit
1147 3253 1282 3326 indicat
1300 3262 1379 3326 tan·

312 3375 401 3457 tum,
422 3361 633 3448 adamusdim
646 3391 823 3463 nunquam
839 3375 980 3440 tractat.
997 3368 1169 3440 Sublimia
1181 3391 1298 3441 secum
1310 3363 1381 3462 agi-

312 3489 385 3567 tat3
402 3483 529 3576 placita
543 3483 617 3556 fere
634 3506 812 3577 nunquam
826 3483 947 3554 ordine
960 3483 1148 3573 connectit,
1165 3489 1228 3554 aut
1250 3483 1382 3556 schola·

311 3620 389 3668 rum
405 3621 499 3669 more
515 3597 667 3668 deducit.
1244 3627 1247 3632 λ

358 3713 538 3795 Attamen,
564 3713 657 3805 quod
686 3703 882 3783 Glissonius
903 3710 1169 3805 Leibnitiusque
1191 3733 1261 3782 non
1281 3733 1381 3804 aequo

310 3845 415 3916 passu
435 3827 639 3916 procedunt,
666 3847 735 3895 non
757 3824 834 3896 ideo
858 3825 937 3895 illos
952 3825 1148 3917 putandum
1166 3830 1220 3896 est
1241 3825 1378 3896 ratione

311 3938 488 4030 cogitandi
502 3940 688 4009 admodum
705 3937 864 4009 dissimili
878 3938 944 4008 uti.
962 3938 1131 4023 Quamvis
1146 3938 1240 4010 enim
1258 3938 1380 4032 pedes-

310 4058 365 4128 ter
381 4051 440 4126 ille
453 4051 546 4124 inter
562 4053 704 4124 dumeta
719 4053 854 4130 scholae¹
871 4058 1009 4141 aestuet,
1030 4051 1099 4141 hic,
1116 4051 1224 4124 libero
1240 4051 1381 4144 ingenio

347 4300 354 4331 ⁸
374 4301 453 4362 Epist.
469 4301 575 4349 dedicat.
591 4309 610 4350 Α
624 4301 660 4351 3².
